3144 4821
1401 338 1845 407 —10—

629 522 912 584 Custodes
941 521 1260 601 sigillorum
1289 521 1564 583 iurabunt
1594 523 1791 585 omnia
1820 531 1879 584 et
1907 520 2135 604 singula
2152 523 2485 605 supradicta
2501 534 2691 606 preter
2704 547 2791 600 33,

454 650 565 711 que
596 632 672 715 341
702 629 1004 692 consilium
1034 628 1322 709 pertinent
1353 635 1412 688 et
1439 629 1515 690 ad
1547 630 1796 690 officium
1826 629 2126 692 iudicatus.

629 737 910 816 Magister
939 731 1049 818 I.9)
1081 736 1152 796 de
1181 733 1449 796 Ydronto
1479 734 1695 796 iurabit
1724 734 1920 796 omnia
1936 745 1999 797 et
2014 736 2243 816 singula
2256 736 2590 818 supradicta
2602 747 2791 820 preter

450 865 548 917 33,
594 863 705 924 que
735 844 811 904 ad
841 839 1142 904 consilium
1174 840 1465 921 pertinent
1493 849 1553 902 et
1582 842 1656 902 ad
1688 841 1939 924 officium
1969 841 2283 916 iudicatus,
2326 853 2388 905 et
2432 847 2586 926 quod
2634 845 2789 926 peti-

448 950 638 1013 ciones
683 947 913 1029 aliquas
961 955 1264 1027 tangentes
1309 945 1609 1008 dominum
1637 945 2043 1027 imperatorem
2070 949 2168 1009 vel
2196 948 2452 1030 aliquem
2482 969 2789 1031 personam

447 1076 560 1117 non
593 1053 847 1116 mutabit
876 1073 980 1115 nec
1000 1050 1330 1125 occultabit,
1361 1053 1463 1113 sed
1493 1051 1739 1114 fideliter
1768 1052 1919 1133 leget
1948 1062 2008 1115 et
2036 1037 2203 1128 dicet,
2232 1065 2403 1135 prout
2431 1058 2507 1119 ad
2536 1057 2786 1119 officium

447 1181 617 1224 suum
646 1168 888 1242 spectat,
917 1157 1152 1220 remotis
1182 1157 1330 1231 odic,
1360 1157 1568 1238 gracia,
1600 1157 1803 1238 preci0,
1835 1167 1995 1220 metu
2024 1159 2120 1221 vel
2150 1178 2360 1222 amore.

567 1253 570 1257 ’
625 1269 930 1347 Dompnus
959 1263 1272 1345 Philippus
1301 1273 1503 1327 cantor
1530 1263 1748 1325 iurabit
1777 1264 1975 1327 omnia
2004 1266 2335 1346 supradicta
2364 1277 2555 1348 preter
2570 1269 2783 1343 omnia,

447 1395 558 1456 que
602 1375 678 1435 341
704 1371 1011 1435 vconsilium
1052 1369 1344 1451 pertinent
1373 1377 1434 1430 et
1460 1371 1536 1432 ad
1567 1370 1821 1431 officium
1850 1369 2150 1433 iudicatus,

623 1476 974 1540 Racionales
1015 1475 1168 1538 curie
1217 1475 1493 1538 iurabunt
1533 1477 1608 1537 de
1651 1495 1767 1537 non
1814 1475 2137 1556 recipiendo
2180 1478 2493 1540 secundnm
2536 1481 2780 1542 formam

446 1587 764 1668 predictam
794 1593 853 1645 et
884 1583 1094 1664 [quod]
1125 1599 1228 1663 per
1257 1591 1374 1650 tres
1403 1581 1526 1643 dies
1554 1580 1615 1642 in
1646 1579 2068 1666 ebdomadam)
2099 1584 2459 1664 supradictos
2488 1585 2777 1670 sint11)in

441 1691 756 1756 raciociniis
793 1687 1128 1770 recipiendis
1173 1696 1231 1749 et
1271 1687 1582 1771 expedient
1609 1707 1696 1762 ea,
1726 1707 1905 1769 quam
1935 1687 2048 1751 cito
2079 1697 2365 1770 poterunt,
2396 1692 2551 1754 bona
2582 1694 2692 1756 fide
2722 1703 2781 1755 et

440 1800 563 1862 sine
591 1799 808 1860 fraude.

618 1903 651 1942 *
682 1901 1047 1967 Ptomittitu'r
1075 1911 1272 1964 autem
1311 1901 1616 1963 curialium
1664 1900 2079 1964 deliberacione
2125 1902 2372 1965 invicem
2418 1903 2665 1985 recipere
2678 1903 2779 1990 1²³),

441 2014 539 2097 qui
559 2020 724 2074 extra
738 2007 958 2073 curiam
986 2008 1178 2071 officia
1205 2006 1302 2069 vel
1331 2008 1392 2070 in
1423 2007 1582 2070 curia
1611 2006 1938 2089 questiones
1967 2009 2064 2068 vel
2094 2009 2326 2090 negocia
2357 2030 2470 2072 non
2501 2011 2776 2073 habeant.

617 2117 784 2180 Circa
812 2113 1216 2181 cancellariam
1247 2123 1416 2176 erunt
1443 2112 1703 2194 hospicia
1731 2131 1835 2195 pro
1853 2113 2208 2189 consiliariis,
2238 2114 2573 2196 sigillatore,
2604 2111 2777 2180 nota-

437 2225 553 2300 riis,
585 2223 884 2296 iudicibus
915 2220 1213 2283 advocatis
1243 2229 1302 2281 et
1331 2219 1571 2282 notariis
1602 2219 1755 2282 curie
1782 2219 2019 2282 iusticie.

616 2402 724 2451 Ans
760 2399 872 2450 dem
909 2397 1120 2448 chartul.
1157 2395 1367 2460 Neapol.
1403 2412 1499 2448 sec.
1539 2395 1681 2446 XIV.
1719 2396 1786 2446 in.
1826 2396 1911 2446 des
1948 2395 2227 2448 Marseiller
2274 2397 2679 2463 ‹lapara-archiis
2714 2401 2775 2451 B.

437 2488 542 2540 269
579 2491 616 2540 f.
655 2486 722 2537 59
761 2503 836 2537 nr.
875 2484 945 2534 28
982 2486 1138 2536 durch
1175 2485 1354 2541 Arndt,
1405 2499 1506 2535 neu
1548 2485 1833 2551 verglichen
1882 2486 2039 2535 durch
2085 2485 2275 2537 Ficker.
2332 2512 2394 2525 —
2456 2488 2491 2549 1)
2542 2494 2777 2539 tractato-

435 2596 545 2629 rum
573 2614 586 2628 .
617 2614 630 2627 .
659 2613 672 2627 .
699 2612 712 2626 .
751 2576 1105 2625 habital-orum.
1169 2600 1233 2609 —
1290 2574 1327 2634 2)
1377 2573 1608 2637 recipere.
1640 2603 1726 2643 Ἰ--
1786 2573 1825 2633 ⁸)
1878 2573 2148 2623 esculenta.
2222 2571 2343 2641 Vgl.
2394 2583 2547 2627 const.
2596 2575 2638 2634 1,
2688 2577 2774 2627 54.

436 2664 521 2716 73.
566 2696 626 2703 -
669 2667 710 2726 4)
747 2680 862 2717 non.
906 2692 966 2699 —
1011 2659 1053 2727 ⁶)
1091 2662 1337 2717 similiter,
1391 2662 1663 2710 verbessert
1706 2676 1802 2710 von
1847 2660 1903 2710 F.
1946 2690 2006 2699 -
2060 2659 2101 2721 ⁰)
2133 2664 2447 2728 spectabant.
2489 2694 2551 2702 —-
2584 2660 2636 2732 7)
2672 2680 2775 2714 mo·
2802 2644 2820 2659 κ

435 2755 630 2805 deratas
676 2753 1053 2816 subscriptiones
1067 2782 1082 2805 ‚
1132 2749 1371 2816 goandert
1422 2748 1552 2799 nach
1590 2755 1743 2798 const.
1770 2748 1812 2805 Ι,
1848 2744 1935 2797 73.
1976 2736 2109 2799 Od'e'i*
2143 2750 2393 2801 vielleicht
2426 2752 2559 2802 nach
2594 2753 2773 2803 dei-sel-

435 2844 536 2892 ben
579 2842 721 2891 stello
769 2840 1046 2889 moderatas
1094 2838 1416 2902 prestationes
1451 2837 1568 2887 oder
1604 2838 1736 2890 mod.
1770 2843 1919 2901 prest.
1956 2848 2043 2902 pro
2068 2838 2535 2903 subscriptionibus?
2588 2842 2643 2891 F.
2678 2866 2767 2883 ⁴-

441 2932 480 2989 8,)
520 2931 622 2997 vgl.
659 2936 812 2979 const.
838 2928 880 2986 Ι,
916 2923 1003 2975 72.
1043 2923 1130 2977 73.
1173 2955 1232 2963 --
1279 2923 1320 2993 ⁹)
1358 2926 1439 2982 Y„
1477 2941 1520 2975 c.
1545 2944 1603 2971 z.-
1627 2924 1889 2983 Iohannes,
1924 2942 1964 2976 s.
2002 2942 2048 2975 o.
2091 2942 2130 2975 8.
2168 2924 2219 2975 3.
2272 2925 2325 2976 8.
2397 2928 2474 2978 Im
2504 2943 2607 2995 reg.
2640 2931 2771 2981 Frid.

435 3018 596 3083 Neap.
635 3017 880 3068 erscheint
915 3030 968 3065 er
1002 3030 1098 3065 von
1152 3011 1288 3063 1239
1339 3014 1442 3065 dec.
1501 3012 1571 3063 24
1615 3044 1673 3051 —
1722 3011 1858 3063 1240
1908 3016 2014 3065 iuni
2060 3014 2233 3081 haufig
2281 3016 2356 3065 als
2406 3017 2492 3066 der
2546 3020 2771 3079 33811οῷ-

433 3106 595 3174 gende
646 3112 803 3155 notar.
871 3133 928 3143 -
1004 3101 1070 3170 ¹⁰)
1129 3102 1384 3153 edomanda.
1445 3132 1506 3141 —-
1570 3100 1635 3169 11)
1689 3104 1845 3161 sicut,
1898 3104 2170 3153 verbessert
2225 3106 2322 3153 v'on
2371 3104 2427 3153 F.
2470 3086 2541 3143 -Ῐ
2580 3108 2643 3167 11)
2681 3108 2769 3157 ob:

432 3194 718 3259 prohibetur
751 3192 1018 3243 curialibus
1064 3190 1444 3241 deliberaciones
1493 3192 1691 3241 illorum
1727 3190 1977 3254 recipere?

566 3404 633 3473 2.
678 3402 1239 3485 Kanzleiordnuny
1271 3399 1480 3483 (unter-
1507 3398 1819 3485 Manfred
1827 3402 1903 3482 9).

669 3560 939 3625 Officium
968 3561 1327 3637 cancellarie,
1355 3560 1504 3623 sicut
1531 3561 1785 3623 obtinuit
1799 3557 1846 3644 1)
1876 3579 1979 3643 per
2008 3562 2207 3643 aliqua
2242 3572 2521 3644 tempora.

607 3702 884 3765 Custodia
900 3702 1075 3783 sigilli
1092 3710 1316 3783 spectat
1344 3704 1420 3765 ad
1449 3702 1702 3765 officium
1744 3703 2069 3765 cancellarii
2081 3701 2131 3788 2)
2175 3713 2234 3765 et
2278 3704 2461 3766 eciam
2510 3702 2765 3785 sigillare

428 3809 640 3883 omnia,
671 3829 782 3890 que
799 3808 1109 3889 sigillanda
1137 3816 1274 3870 sunt
1302 3807 1508 3888 sigillis
1537 3808 1753 3871 domini
1798 3818 1922 3870 tam
1960 3808 2019 3869 in
2064 3808 2375 3889 privilegiis
2386 3806 2440 3893 ⁸)
2482 3829 2659 3891 qnam
2704 3810 2763 3872 in
2819 3890 2821 3892 p

427 3916 628 3979 ceteris
671 3913 895 3976 litteris,
974 3913 1246 3994 Sigillum
1301 3910 1498 3997 vero4)
1539 3913 1819 3995 simplicis
1863 3914 2085 3976 iusticie
2128 3914 2398 4003 custodiri
2444 3916 2619 3977 debet
2661 3930 2765 3997 per

427 4021 769 4102 magistrum
810 4018 1186 4081 iusticiarium
1197 4017 1266 4104 5)‚
1309 4019 1358 4081 si
1401 4038 1504 4081 rex
1547 4020 1777 4081 ordinat
1786 4015 1836 4102 ⁶)
1880 4018 2135 4099 sigillum
2152 4010 2163 4015 ⁵
2179 4038 2370 4100 gerere
2413 4027 2474 4082 et
2502 4020 2755 4102 sigillum

426 4127 662 4189 iusticie·
677 4129 881 4188 debere
895 4122 943 4209 7)
973 4142 1097 4187 3883
1126 4128 1236 4187 sub
1265 4146 1372 4187 sua
1401 4142 1552 4187 cura.
1616 4110 1681 4187 'Si
1709 4142 1846 4187 vero
1876 4142 1993 4187 non
2022 4126 2251 4187 ordinat
2279 4127 2393 4188 duo
2416 4125 2609 4205 sigilla
2638 4145 2762 4187 esse

427 4234 535 4293 sub
567 4252 673 4293 sua
703 4249 854 4304 cura,
885 4240 974 4292 set
1003 4252 1182 4293 unum
1213 4241 1460 4304 tantum,
1489 4232 1661 4292 debet
1673 4230 1943 4293 custodiri
1974 4249 2075 4312 per
2104 4231 2511 4293 cancellarium
2542 4238 2600 4291 et
2628 4246 2761 4292 orn·-
