3144 4821
1221 295 1717 358 -25-·

280 474 419 537 Non
449 474 603 537 enim
632 474 959 537 salutamus
987 472 1244 538 inimicos
1273 494 1378 536 nec
1405 473 1929 537 excommunicatos
1942 520 1957 548 ,
2000 483 2089 536 set
2117 474 2474 538 mittentium
2503 495 2613 539 no-

279 580 440 643 mina
468 582 864 643 describuntur
893 590 998 642 aut
1027 591 1398 662 apponuntur
1429 557 1665 642 nomina
1694 580 2043 661 simpliciter.
2106 561 2271 643 Talis
2307 581 2610 663 descriptio

278 704 381 767 pro
410 685 584 752 titulo
613 696 915 769 reputatur
932 733 948 760 ‚
979 685 1118 768 quia
1147 687 1398 750 scribens
1411 734 1427 761 ‚
1459 706 1591 749 cum
1622 685 1849 758 scribit,
1900 686 2117 766 liquido
2165 687 2484 768 expeditur.
2546 687 2611 751 Si

277 801 478 854 autem
507 813 638 855 cum
668 792 938 855 adiuncto
968 791 1320 868 describitur,
1351 793 1497 855 illud
1527 793 1681 874 quod
1712 791 1975 866 adicitur,
2006 791 2105 854 ubi
2135 792 2413 857 salutatio
2429 813 2611 874 pone-

279 907 454 974 retur,
485 897 895 980 indignationis
924 908 1030 960 aut
1059 898 1341 961 suasionis
1385 897 1643 978 aliquem
1686 897 1878 960 locum
1924 896 2149 960 obtinet
2196 898 2389 979 potius
2435 919 2614 981 quam

174 1023 188 1032 ‘
278 1004 504 1066 salutis,
541 1039 616 1051 -
656 1041 716 1052 --
771 1005 872 1066 Ad
902 1003 1334 1066 universitatem
1365 1012 1563 1065 tamen
1593 1003 1853 1066 omnium
1883 1003 2318 1078 salutationum,
2349 1025 2460 1085 que
2474 1025 2615 1086 pos-

277 1120 415 1173 sunt
445 1111 582 1185 fieri‚
613 1132 652 1172 a
679 1099 966 1174 modernis
995 1120 1132 1173 sunt
1161 1110 1357 1174 notule
1387 1111 1737 1173 introducte:
1785 1095 1973 1190 gratia
2002 1119 2135 1190 post
2163 1109 2426 1184 titulum,
2458 1113 2613 1184 ord0,

273 1210 838 1280 cleri'mansuetudo.
876 1253 950 1264 —
990 1207 1082 1264 -’
1104 1217 1411 1290 Videlicet,
1440 1219 1596 1298 quod
1624 1217 1883 1298 prelatus
1912 1215 2163 1278 scribens
2192 1217 2480 1298 preposito
2510 1237 2613 1280 suo

276 1325 454 1386 debet
481 1342 689 1405 ponere
719 1323 818 1386 dei
837 1325 1054 1404 qratia
1083 1332 1216 1404 post
1245 1307 1483 1385 titulum
1513 1342 1683 1385 suum
1714 1332 1773 1384 et
1800 1341 2010 1386 nomen
2039 1323 2295 1397 ecclesie,
2326 1324 2403 1385 ad
2435 1342 2612 1404 quam

278 1430 532 1493 noscitur
560 1429 830 1492 titulatus
842 1450 859 1505 ;
903 1429 1161 1494 ordinem
1171 1428 1222 1511 3)
1240 1475 1255 1502 ,
1304 1430 1353 1491 si
1401 1429 1478 1490 sit
1521 1428 1983 1510 archiepiscopus
2029 1429 2125 1491 vel
2172 1429 2473 1510 episcopus
2516 1429 2613 1490 vel
2654 1477 2660 1484 .

276 1538 496 1611 abbas3
527 1536 661 1598 cleri
692 1531 1276 1616 mansuetudinem4),
1306 1534 1446 1616 quia
1462 1537 1637 1597 debet
1653 1535 1862 1597 dicere:
1896 1533 2029 1597 licet
2042 1535 2352 1616 indemens,
2386 1555 2612 1618 quam-

276 1644 370 1704 vis
397 1645 759 1716 immeritus,
791 1663 914 1704 non
943 1643 1432 1725 euffrayantibus
1459 1642 1711 1703 mem‘tia.
1742 1642 1862 1702 Iste
1891 1661 2117 1724 quoque
2130 1641 2447 1704 versiculus
2466 1643 2614 1704 solet

277 1769 384 1810 suo
413 1748 539 1811 loco
569 1748 732 1810 laicis
759 1748 1178 1830 potentioribus
1207 1747 1493 1829 adaptari,
1523 1747 1815 1829 preposito
1846 1748 1970 1810 loco
2000 1746 2233 1810 ecclesie
2262 1747 2487 1810 laicalis
2504 1768 2615 1810 no-
2710 1809 2735 1824 χ

278 1855 436 1917 mine
465 1827 793 1936 dignitatis3
823 1863 1021 1916 tamen
1050 1852 1365 1915 immeritos
1397 1872 1459 1914 se
1488 1852 1811 1933 appellant.

459 1962 537 2022 Et
566 1969 656 2022 est
683 1961 1033 2033 notandum,
1082 1961 1235 2041 quod
1280 1979 1525 2040 magnus
1553 1976 1781 2039 semper
1823 1966 2016 2038 potest
2061 1958 2245 2020 dicere
2292 1960 2363 2020 de
2410 1981 2471 2022 se
2519 1935 2618 2022 dei·

273 2069 506 2146 qratia,
538 2067 649 2129 nisi
679 2066 894 2129 scribat
923 2078 1149 2128 summo
1179 2064 1432 2160 pontifici
1461 2064 1557 2126 vel
1587 2063 1721 2144 regi,
1753 2073 1813 2125 et
1840 2072 1977 2125 tunc
2006 2065 2179 2126 debet
2219 2065 2331 2126 hoc
2372 2065 2615 2128 humili-

279 2172 424 2234 tatis
453 2193 628 2235 causa
657 2182 860 2235 tacere.
921 2172 1080 2233 Nam
1111 2191 1370 2232 summus
1401 2169 1663 2251 pontifex
1693 2189 1991 2250 nunquam
2021 2169 2185 2250 ponit
2213 2169 2271 2231 in
2302 2170 2422 2232 suis
2452 2171 2615 2234 litte-

279 2277 360 2340 ris
388 2278 488 2342 dei
513 2280 743 2358 qratia,
775 2279 876 2340 sed
905 2277 1044 2359 quia
1072 2277 1329 2338 imitator
1358 2263 1448 2338 e‘st
1476 2275 1716 2337 humilis
1746 2259 1983 2349 christi,
2014 2275 2179 2338 dicit:
2224 2274 2618 2362 Innocentius

284 2387 615 2469 episcopus,
645 2404 859 2448 servus
887 2402 1206 2447 servorum
1235 2382 1333 2446 dei
1360 2391 1464 2445 etc.
1527 2383 1607 2445 Et
1636 2391 1725 2445 est
1754 2383 2091 2459 notandum,
2123 2384 2276 2475 quod
2307 2383 2617 2447 mediocres

281 2510 520 2573 persone
550 2492 646 2553 vel
677 2491 924 2554 minores
952 2511 1065 2553 non
1096 2492 1308 2573 debent
1335 2492 1406 2551 de
1437 2510 1498 2551 se
1528 2488 1713 2552 dicere
1742 2490 1845 2551 clei
1864 2492 2095 2570 qratia,
2144 2489 2283 2571 quia
2330 2490 2441 2552 hoc
2482 2483 2642 2552 ver-'

283 2600 424 2660 bum
455 2600 878 2679 quodammodo
902 2595 1306 2677 arrogantiam
1349 2595 1442 2657 vel
1489 2595 1832 2675 dignitatem
1882 2614 2158 2676 magnam
2206 2594 2300 2657 vel
2350 2596 2621 2677 magnifi-

281 2703 530 2767 centiam
573 2703 884 2785 importare
927 2702 1170 2776 videtur.
1245 2701 1479 2764 Electus
1531 2710 1731 2791 autem
1778 2700 1989 2781 aliquis
2035 2701 2097 2763 in
2145 2700 2476 2783 episcopum
2524 2701 2619 2763 vel

282 2830 560 2891 magnum
585 2798 868 2871 'abbatem
909 2818 1103 2889 potest
1145 2809 1215 2869 de
1259 2827 1320 2870 se
1365 2807 1548 2869 dicere
1596 2806 1697 2868 dei
1734 2808 1967 2887 yratia.
2028 2807 2265 2869 Electus
2316 2817 2511 2870 autem
2560 2807 2621 2868 in

283 2918 620 3002 Romanum
649 2916 977 2997 pontificem
1006 2934 1121 2977 non
1150 2914 1290 2976 dicit
1317 2913 1416 2974 dei
1437 2915 1653 2993 qratia
1683 2922 1915 2994 propter
1945 2912 2296 2994 prepositam
2314 2913 2619 3005 rationem,

284 3024 436 3085 unde
465 3021 630 3085 dicit:
662 3020 1006 3101 Greyom'us
1032 3022 1101 3082 in
1130 3017 1498 3081 Romanum
1522 3019 1865 3101 pontificem
1895 3016 2126 3091 electus,
2171 3038 2386 3083 servus
2414 3038 2621 3081 servo-
2674 3004 2681 3009 ’

282 3150 434 3193 rum
462 3128 576 3191 dei.

462 3234 696 3317 Reliqui
726 3251 862 3315 vero
891 3234 1005 3296 duo
1033 3232 1298 3295 versiculi
1329 3240 1466 3294 sunt
1494 3251 1567 3293 ex
1597 3239 1763 3313 parte
1793 3229 2120 3312 recipientis
2165 3239 2223 3292 et
2268 3230 2354 3293 ita
2398 3230 2621 3321 intelli-7

285 3350 523 3422 guntur:
583 3341 715 3403 laus
760 3349 865 3402 etc.
914 3340 1008 3401 vel
1067 3338 1304 3401 nomina
1352 3339 1587 3400 laudem
1635 3337 2015 3418 significantia
2062 3337 2276 3399 debent
2322 3337 2617 3419 recipienti

203 3434 208 3439 ’
285 3446 510 3521 ascribi,
540 3456 607 3509 ut
634 3447 693 3508 in
725 3445 1006 3527 dignitate
1034 3444 1344 3507 constituto
1374 3444 1628 3507 dicatur:
1660 3442 2061 3505 Sanctis-simo
2090 3445 2159 3505 in
2180 3440 2423 3509 Christo
2446 3445 2627 3527 patri

283 3553 380 3614 vel
409 3553 755 3615 venerando
782 3551 878 3613 vel
908 3550 1227 3613 metuendo
1256 3550 1352 3611 vel
1385 3548 1626 3611 colendo
1655 3550 1751 3609 vel
1780 3548 2106 3610 reverendo
2120 3596 2134 3625 ‚
2182 3557 2241 3610 et
2272 3550 2379 3610 hoc
2411 3546 2471 3610 in
2500 3549 2621 3609 cle-

284 3658 432 3721 ricis.
491 3660 572 3720 Et
600 3668 690 3720 est
719 3659 1052 3731 notandum,
1083 3658 1235 3739 quod
1266 3665 1434 3719 extra
1467 3656 1683 3731 clerum
1713 3655 1966 3716 dicatur:
1999 3652 2273 3735 Eqreqio
2291 3655 2440 3727 viro,
2478 3652 2630 3736 Vre-⁴

285 3766 684 3826 toriosissimo
717 3766 992 3847 principi
1018 3773 1077 3825 et
1119 3761 1458 3845 Maymflco
1505 3762 1752 3823 domino
1801 3763 1959 3842 reyi,
2012 3758 2061 3821 I
2059 3758 2269 3823 Πυθίη
2309 3760 2454 3821 duci
2496 3769 2621 3833 etc,

286 3869 523 3952 reliquis
553 3879 749 3931 autem
770 3870 1083 3953 prudenti,
1113 3869 1396 3951 sapienti,
1429 3866 1685 3943 literato,
1717 3867 1957 3938 diser-w,
1978 3864 2165 3928 nobili
2181 3873 2241 3927 et
2259 3864 2372 3956 hiis
2390 3863 2621 3959 similia.
2706 3906 2725 3909 --

295 3977 369 4037 Et
398 3976 711 4036 secundum
741 3993 950 4056 genera
978 3975 1335 4056 singulorum
1364 3974 1524 4037 locus
1554 3982 1613 4034 et
1643 3972 1895 4054 dignitas
1925 3969 2140 4033 servari
2171 3946 2363 4033 debet
2360 3942 2561 4032 iaicis
2554 3980 2625 4031 et
2682 4012 2686 4017 -

288 4080 506 4143 clericis
536 4079 802 4142 dicendo:
850 4080 996 4143 talis
1025 4079 1138 4142 loci
1165 4083 1441 4163 episcopo
1471 4080 1568 4139 vel
1608 4078 1895 4160 ρνεεὶᾱὶς
1923 4086 1982 4138 et
2024 4078 2381 4139 honorantur
2421 4072 2633 4168 clerici,

291 4206 419 4246 cum
450 4186 655 4249 dicitur
685 4185 797 4247 eis:
841 4186 1234 4267 Diynissimo
1280 4195 1335 4249 et
1365 4188 1503 4247 bene
1531 4185 1775 4257 meritc,
1826 4192 1887 4245 et
1932 4182 2065 4245 laici
2114 4181 2442 4254 timeantur,
2492 4199 2623 4242 cum

2108 4344 2173 4453 χ’
2274 4430 2280 4438 ,

2280 4492 2313 4545 ‘x
