3144 4821
1441 329 1883 394 -12-

495 507 837 574 cancellario
868 509 927 572 in
957 509 1301 572 cancellaria
1333 517 1391 570 et
1421 527 1613 570 coram
1635 508 2041 590 suprascriptis
2070 507 2412 571 officialibus
2426 505 2509 591 1‘¹=)
2538 507 2839 590 deputatis

495 622 554 684 in
585 618 930 682 cancellaria
957 627 1018 678 et
1060 615 1350 696 magistris
1393 614 1781 676 racionalibus
1808 625 1864 677 et
1897 617 2261 695 postmodum
2291 615 2615 696 sigillentur
2644 615 2839 676 littere

495 727 816 808 approbate
845 732 905 785 et
932 723 1246 784 reddantur
1275 719 1605 782 hominibus
1636 737 1737 802 per
1766 739 1975 782 manus
2004 719 2345 783 cancellarii.

673 828 1150 893 Prothonotarius
1197 826 1374 888 etiam
1421 827 1606 888 habet
1650 826 1901 889 officium
1930 826 2237 908 recipiendi
2268 837 2627 890 sacramenta
2665 847 2703 889 a
2738 827 2838 889 iu-

495 940 718 1003 dicibus
765 945 826 998 et
871 933 1111 997 notariis
1139 935 1408 996 omnibus
1437 933 1594 1014 regni
1640 943 1698 995 et
1741 934 1891 994 curie
1935 941 1993 995 et-
2037 952 2227 996 creare
2256 955 2355 996 eos
2384 937 2456 996 de
2485 915 2839 997 consciencia

497 1044 730 1108 domini.
805 1040 1170 1103 Cancellaria
1211 1049 1410 1102 autem
1452 1041 1628 1101 debet
1670 1040 1803 1101 fieri
1831 1039 2023 1102 tribus
2048 1040 2253 1104 diebus
2278 1040 2339 1102 in
2366 1043 2749 1120 e[b]domada
2774 1042 2837 1102 in

499 1149 715 1220 domini
743 1158 802 1212 et
832 1147 879 1210 si
911 1167 1044 1221 non,
1074 1147 1134 1208 in
1167 1146 1369 1228 aliqua
1399 1149 1571 1209 domo
1602 1145 1829 1208 comuni
1860 1155 1934 1220 et,
1966 1147 2014 1208 si
2045 1155 2313 1212 neutrum
2356 1147 2560 1209 haberi
2608 1146 2837 1228 poterit,

499 1259 606 1322 fiat
634 1257 696 1319 in
725 1257 894 1318 domo
924 1252 1251 1333 cancellarii
1265 1250 1364 1336 1⁵).

678 1401 728 1459 a)
765 1395 1104 1448 Ebendorther
1137 1395 1173 1443 f.
1210 1391 1282 1441 70
1317 1409 1392 1444 m·-
1429 1389 1515 1450 67,
1550 1392 1836 1459 ,νοιςΗοΙιοιι
1872 1394 1965 1442 mit
2006 1420 2068 1432 —
2102 1394 2153 1455 b)
2183 1394 2295 1444 dem
2346 1394 2595 1445 sbdrucke
2628 1395 2710 1444 bei
2739 1391 2837 1444 Mi-

499 1486 814 1544 niori-Riccio
829 1519 844 1542 ‚
907 1483 1084 1553 grandi
1137 1482 1291 1534 uffizii
1343 1498 1394 1546 p.
1452 1478 1553 1528 182
1608 1481 1737 1549 nach
1786 1481 1922 1531 einer
1970 1481 2083 1531 dem
2133 1481 2465 1549 hemusgeber
2525 1483 2836 1549 gehorenden

505 1574 830 1635 handschrift,
851 1587 947 1622 sec.
984 1570 1126 1620 XIV.
1166 1583 1243 1620 ex.
1272 1571 1359 1620 der
1400 1603 1422 1628 ,
1435 1569 1666 1635 Capitula
1695 1570 1967 1620 officiorum
1980 1576 2020 1618 ‘.
2091 1569 2189 1620 Die
2232 1571 2341 1621 hier
2372 1571 2699 1638 geschilderte
2735 1573 2839 1623 otd-

500 1678 640 1733 nung
675 1663 764 1718 det,
794 1660 1002 1718 kannei,
1040 1659 1134 1708 wie
1167 1659 1238 1708 sie
1273 1673 1360 1707 zur
1392 1659 1488 1708 zeit
1522 1659 1657 1707 eines
1682 1657 1928 1726 ,frfiheren
1966 1657 2143 1727 konigs
2177 1659 2449 1709 bestanden
2475 1659 2578 1718 hat,
2614 1660 2839 1711 schliesst

501 1751 608 1802 sich
631 1750 906 1800 ‘einerseits
959 1749 1012 1797 in
1063 1747 1224 1796 vielen
1277 1746 1600 1797 einzelheiten
1669 1746 1757 1795 der
1818 1745 2240 1814 kanzleiordnung
2293 1747 2580 1798 Friedrich’s
2633 1748 2701 1799 Π.
2756 1765 2837 1808 an,

503 1840 683 1894 weicht
717 1839 835 1888 aber
869 1835 1163 1888 andrei-scits
1186 1850 1284 1886 von
1306 1835 1386 1885 ihr
1419 1835 1673 1886 erheblich
1709 1835 1773 1885 ab
1808 1836 1911 1885 und
1946 1835 2253 1887 namentlich
2276 1836 2419 1886 datin
2434 1871 2449 1894 ‚
2487 1835 2600 1887 dass
2640 1839 2721 1887 ein
2756 1853 2839 1904 ge-

505 1927 829 1980 schsftskreis
866 1926 948 1976 fiir
982 1925 1080 1974 den
1114 1919 1316 1974 lunzler
1351 1924 1649 1991 abgegrenzt
1680 1924 1817 1983 vird,
1849 1925 1945 1974 den
1972 1939 2025 1974 es
2052 1931 2198 1976 anter
2226 1924 2478 1975 Friedrich
2506 1926 2685 1976 zuletzt
2702 1925 2840 1976 nicht

501 2016 726 2083 gegeben
761 2014 865 2072 hat,
901 2013 1034 2064 woh‘l
1069 2014 1188 2062 aber
1235 2019 1380 2063 unter
1427 2011 1637 2062 Korn-ed
1683 2012 1777 2062 IV.
1794 2049 1809 2072 ‚
1859 2013 2091 2064 Manfred
2140 2013 2243 2062 und
2292 2011 2422 2070 Rari
2473 2012 2516 2063 1.
2606 2013 2689 2064 Da
2735 2029 2841 2064 nun

502 2120 599 2167 von
634 2105 884 2154 lecatorem
920 2103 1030 2153 eine
1065 2100 1488 2168 kanzleiordnung
1521 2100 1677 2152 schon
1712 2116 1809 2152 von
1848 2098 2001 2159 1268,
2057 2103 2167 2151 eine
2202 2101 2385 2150 andere
2421 2116 2518 2151 von
2562 2099 2698 2151 1272
2734 2118 2841 2153 vor-

500 2193 644 2260 liegt‚
680 2194 745 2242 ist
779 2191 867 2242 das
901 2189 1386 2240 wahrscheinlichste
1399 2224 1414 2247 ‚
1465 2189 1579 2239 dass
1622 2192 1739 2252 jene
1774 2189 1903 2239 noch
1938 2204 2028 2239 aus
2071 2189 2362 2240 staufischer
2392 2189 2489 2240 zeit
2535 2194 2842 2250 herstammt.

505 2282 802 2348 wenigstens
838 2280 950 2330 dem
985 2278 1176 2329 inhalte
1211 2278 1357 2328 nach.
1399 2306 1457 2316 —
1509 2275 1547 2346 ¹)
1586 2278 1828 2328 ordinavit
1860 2293 1908 2333 a.
1980 2277 2058 2328 De
2108 2278 2279 2328 eodem
2330 2279 2491 2329 officio
2540 2292 2628 2344 per
2674 2279 2845 2344 aliqua

505 2377 729 2433 tempora
763 2368 978 2425 obtento,
1010 2367 1058 2417 b.
1106 2395 1168 2404 --
1209 2363 1250 2435 ¹³)
1294 2366 1585 2417 cancellarie
1616 2367 1664 2417 1).
1702 2395 1763 2404 -—-
1808 2361 1849 2434 ⁸)
1884 2367 1975 2434 sig.
2026 2366 2457 2419 diminuendamm
2506 2367 2648 2433 prim,
2684 2367 2732 2418 b.
2775 2399 2840 2408 —

509 2456 688 2524 ⁴)<non
722 2457 770 2505 b.
815 2484 874 2493 --
918 2455 960 2522 ⁶)
997 2471 1038 2506 s.
1085 2461 1237 2505 const.
1269 2454 1311 2511 Ι,
1351 2450 1420 2503 39
1453 2470 1503 2503 ιι.
1534 2456 1661 2505 oben
1695 2470 1735 2505 s.
1769 2452 1804 2503 ’7
1850 2470 1893 2508 z.
1922 2452 2241 2513 738.8anm.
2260 2453 2348 2504 22.
2399 2482 2461 2493 -
2515 2454 2557 2524 ⁶)
2602 2462 2745 2507 ornat
2792 2457 2842 2505 1).

507 2547 626 2596 Von
653 2545 751 2595 den
785 2545 1018 2595 weiteren
1051 2541 1362 2593 zahlreichen
1397 2543 1789 2610 abweichungen
1823 2543 1909 2593 der
1942 2544 2159 2609 ausgabe
2195 2543 2341 2593 fiihre
2388 2544 2471 2593 ich
2510 2560 2607 2593 nur
2647 2545 2727 2594 die
2762 2560 2843 2601 sn,

509 2634 696 2701 welche
713 2633 852 2683 nicht
877 2632 971 2682 auf
988 2632 1183 2681 blossen
1218 2632 1430 2682 schreib—
1451 2632 1585 2683 oder
1620 2632 1913 2683 lesefehlern
1961 2632 2181 2682 beruhen
2216 2631 2331 2681 oder
2368 2632 2524 2683 durch
2564 2633 2847 2683 auslassnn-

508 2736 606 2790 gen
649 2720 942 2771 entstanden
976 2720 1104 2769 sind.
1148 2748 1217 2757 -
1261 2717 1300 2787 ⁷)
1334 2720 1533 2770 deberet
1567 2736 1615 2769 a.
1659 2749 1720 2758 —
1720 2720 1809 2782 ⁸)
1848 2720 2028 2769 debent
2062 2735 2109 2769 a.
2146 2720 2195 2769 b.
2230 2747 2290 2759 ·-
2331 2717 2373 2786 9)
2407 2734 2493 2784 pro
2530 2719 2657 2783 fehlt
2692 2735 2739 2769 a.
2780 2751 2841 2760 —

517 2807 915 2877 10)peticinarius
932 2823 979 2857 a..
1012 2835 1074 2844 —
1118 2804 1183 2875 ¹¹)
1213 2814 1271 2858 ut
1287 2807 1335 2857 1).
1362 2836 1421 2845 --
1458 2806 1526 2873 ¹2)
1563 2808 1628 2856 ad
1664 2814 1950 2871 computum
1986 2806 2286 2858 audiendum
2322 2807 2371 2856 1).
2398 2836 2459 2845 —-
2494 2808 2557 2868 ¹⁸)
2587 2808 2847 2873 prothono-

509 2897 648 2946 tariis
699 2912 766 2953 a.‚
820 2896 1185 2959 prothonotario
1234 2895 1282 2943 b.
1345 2924 1404 2933 —
1474 2891 1538 2962 14)
1593 2896 1893 2960 subscriptis,
1940 2910 2005 2953 a„
2048 2894 2281 2945 subdictis
2330 2896 2617 2945 consiliariis
2672 2896 2721 2945 b.
2780 2924 2843 2932 —

520 2983 583 3052 1-5)
633 2984 1038 3035 Prothonotarius
1057 2984 1416 3041 -cancellarii‚
1473 2982 1600 3033 fehlt
1650 2983 1757 3033 hier
1799 2984 1853 3033 in
1906 2982 2145 3033 Minieri’s
2190 2983 2359 3042 codex,
2415 2987 2545 3034 steht
2594 2982 2711 3033 aber
2763 2984 2849 3033 ds-

511 3074 664 3125 selbst
697 3089 780 3124 am
815 3073 1034 3125 schlusse
1066 3072 1156 3147 fler
1190 3088 1285 3122 von
1329 3072 1460 3123 Karl
1493 3072 1536 3121 I.
1575 3072 1855 3125 erlassenon
1890 3072 2119 3139 ordnung
2154 3072 2237 3122 fiir
2271 3073 2367 3126 den
2402 3076 2699 3136 pretorium,
2725 3070 2846 3122 ibid.

511 3177 560 3238 p.
603 3160 721 3212 125.

587 3373 715 3442 3.
760 3372 990 3439 Katrl’e
1017 3372 1072 3438 I.
1103 3374 1392 3457 ordnunq
1409 3374 1534 3457 far
1562 3372 1683 3437 dac
1698 3382 1834 3437 amt
1848 3372 1954 3437 dee
1963 3382 2375 3463 protonotars.
2410 3369 2655 3457 (Tram‘
2674 3374 2853 3439 1268

773 3483 936 3561 nov.)

718 3637 988 3702 Officium
1018 3638 1436 3721 prothonotarii
1467 3641 1779 3703 secundum
1810 3642 2053 3703 eundem
2082 3660 2299 3704 novum
2329 3642 2565 3703 modum
2578 3642 2643 3723 1).

695 3780 1175 3843 Pr0thon0tarius
1185 3777 1235 3864 ²)
1264 3779 1499 3862 recipiet
1528 3780 1839 3862 peticiones
1869 3801 2068 3846 omnes
2095 3790 2158 3842 et
2185 3783 2257 3843 de
2286 3781 2405 3843 illis
2420 3828 2436 3855 ‚
2475 3801 2589 3862 que
2618 3781 2855 3863 sapiunt

521 3886 854 3976 expeditam
883 3885 1172 3948 iusticiam
1202 3887 1296 3948 vel
1328 3888 1399 3949 de
1429 3888 1719 3949 communi
1748 3888 1935 3949 forma
1964 3889 2040 3949 ad
2058 3886 2308 3950 officium
2325 3906 2497 3949 suum
2512 3896 2777 3969 spectant
2787 3887 2856 3971 ²³),

520 3992 694 4055 faciet
708 3991 830 4054 fieri
849 3991 1090 4065 litteraS,
1124 4012 1238 4055 non
1267 4002 1577 4075 expectata
1607 3992 1907 4056 audiencia
1936 3991 2314 4073 infrascripta.
2376 3994 2496 4055 Eas
2534 4012 2672 4058 vero
2685 4041 2701 4067 ‚
2746 4012 2857 4074 que

522 4100 598 4169 ad
627 4098 873 4162 aliorum
903 4106 1168 4179 spectant
1195 4095 1526 4179 officium4),
1574 4098 1773 4161 mittat
1813 4096 1931 4159 illis
1974 4096 2361 4178 expediendas
2390 4116 2494 4179 per
2521 4118 2632 4163 eos.
2687 4096 2858 4159 Reli-

523 4223 634 4286 que
651 4214 846 4266 autem
864 4202 1174 4285 peticiones
1205 4203 1470 4283 legantur
1488 4203 1750 4284 quolibet
1776 4203 1869 4264 die
1901 4201 2181 4265 dominico
2210 4201 2271 4263 in
2316 4205 2485 4265 domo
2514 4200 2857 4275 cancellarii,
