<?xml version="1.0" encoding="UTF-8"?>
<!DOCTYPE html PUBLIC "-//W3C//DTD XHTML 1.0 Transitional//EN"
    "http://www.w3.org/TR/xhtml1/DTD/xhtml1-transitional.dtd">
<html xmlns="http://www.w3.org/1999/xhtml" xml:lang="en" lang="en">
 <head>
  <title>
</title>
<meta http-equiv="Content-Type" content="text/html;charset=utf-8" />
  <meta name='ocr-system' content='tesseract 3.04.00' />
  <meta name='ocr-capabilities' content='ocr_page ocr_carea ocr_par ocr_line ocrx_word'/>
</head>
<body>
  <div class='ocr_page' id='page_1' title='image "./sicilischeundpa00empigoog_0031.png"; bbox 0 0 3144 4821; ppageno 0'>
   <div class='ocr_carea' id='block_1_1' title="bbox 1408 325 1849 390">
    <p class='ocr_par' dir='ltr' id='par_1_1' title="bbox 1408 325 1849 390">
     <span class='ocr_line' id='line_1_1' title="bbox 1408 325 1849 390; baseline -0.009 -14"><span class='ocrx_word' id='word_1_1' title='bbox 1408 325 1849 390; x_wconf 80' lang='lat'>...24-</span> 
     </span>
    </p>
   </div>
   <div class='ocr_carea' id='block_1_2' title="bbox 635 502 2113 586">
    <p class='ocr_par' dir='ltr' id='par_1_2' title="bbox 635 502 2113 586">
     <span class='ocr_line' id='line_1_2' title="bbox 635 502 2113 586; baseline 0 -21"><span class='ocrx_word' id='word_1_2' title='bbox 635 505 760 566; x_wconf 88' lang='lat' dir='ltr'><strong>Hec</strong></span> <span class='ocrx_word' id='word_1_3' title='bbox 788 506 859 566; x_wconf 92' lang='lat' dir='ltr'><strong>de</strong></span> <span class='ocrx_word' id='word_1_4' title='bbox 889 505 1207 586; x_wconf 84' lang='lat' dir='ltr'><strong>apostolica</strong></span> <span class='ocrx_word' id='word_1_5' title='bbox 1237 503 1588 567; x_wconf 87' lang='lat' dir='ltr'><strong>salutatione</strong></span> <span class='ocrx_word' id='word_1_6' title='bbox 1619 504 1775 567; x_wconf 87' lang='lat' dir='ltr'><strong>dicta</strong></span> <span class='ocrx_word' id='word_1_7' title='bbox 1804 502 2113 566; x_wconf 86' lang='lat' dir='ltr'><strong>sufficiant.</strong></span> 
     </span>
    </p>
   </div>
   <div class='ocr_carea' id='block_1_3' title="bbox 455 639 2807 1242">
    <p class='ocr_par' dir='ltr' id='par_1_3' title="bbox 455 639 2807 1242">
     <span class='ocr_line' id='line_1_3' title="bbox 635 639 2807 718; baseline 0 -24"><span class='ocrx_word' id='word_1_8' title='bbox 635 646 742 694; x_wconf 83' lang='lat' dir='ltr'><strong>Aus</strong></span> <span class='ocrx_word' id='word_1_9' title='bbox 778 645 885 696; x_wconf 86' lang='lat' dir='ltr'><strong>cod.</strong></span> <span class='ocrx_word' id='word_1_10' title='bbox 921 645 1078 696; x_wconf 72' lang='lat' dir='ltr'><strong>Paris.</strong></span> <span class='ocrx_word' id='word_1_11' title='bbox 1115 647 1234 696; x_wconf 88' lang='lat' dir='ltr'><strong>bibl.</strong></span> <span class='ocrx_word' id='word_1_12' title='bbox 1271 653 1375 696; x_wconf 81' lang='lat' dir='ltr'><strong>nat.</strong></span> <span class='ocrx_word' id='word_1_13' title='bbox 1414 646 1556 696; x_wconf 79' lang='lat' dir='ltr'><strong>fonds</strong></span> <span class='ocrx_word' id='word_1_14' title='bbox 1592 647 1679 696; x_wconf 72' lang='lat' dir='ltr'><strong>lot.</strong></span> <span class='ocrx_word' id='word_1_15' title='bbox 1718 661 1793 694; x_wconf 86' lang='lat' dir='ltr'><strong>nr.</strong></span> <span class='ocrx_word' id='word_1_16' title='bbox 1836 641 1974 694; x_wconf 88' lang='grc'><strong>1093</strong></span> <span class='ocrx_word' id='word_1_17' title='bbox 2011 646 2046 694; x_wconf 82' lang='lat' dir='ltr'><strong>f.</strong></span> <span class='ocrx_word' id='word_1_18' title='bbox 2084 643 2152 692; x_wconf 84' lang='lat'><strong>55</strong></span> <span class='ocrx_word' id='word_1_19' title='bbox 2190 645 2293 694; x_wconf 88' lang='lat' dir='ltr'><strong>und</strong></span> <span class='ocrx_word' id='word_1_20' title='bbox 2320 645 2435 693; x_wconf 87' lang='lat' dir='ltr'><strong>ibid.</strong></span> <span class='ocrx_word' id='word_1_21' title='bbox 2465 639 2519 718; x_wconf 90' lang='lat' dir='ltr'><strong>S.</strong></span> <span class='ocrx_word' id='word_1_22' title='bbox 2560 646 2807 695; x_wconf 80' lang='lat' dir='ltr'><strong>Germain</strong></span> 
     </span>
     <span class='ocr_line' id='line_1_4' title="bbox 457 715 2803 798; baseline 0 -18"><span class='ocrx_word' id='word_1_23' title='bbox 457 715 542 781; x_wconf 65' lang='lat' dir='ltr'><strong>la‘t.</strong></span> <span class='ocrx_word' id='word_1_24' title='bbox 569 748 643 782; x_wconf 86' lang='lat' dir='ltr'><strong>nr.</strong></span> <span class='ocrx_word' id='word_1_25' title='bbox 686 731 824 783; x_wconf 84' lang='lat'>1320</span> <span class='ocrx_word' id='word_1_26' title='bbox 859 735 938 782; x_wconf 85' lang='lat' dir='ltr'><strong>bei</strong></span> <span class='ocrx_word' id='word_1_27' title='bbox 974 733 1178 791; x_wconf 88' lang='lat' dir='ltr'><strong>Delisle,</strong></span> <span class='ocrx_word' id='word_1_28' title='bbox 1215 734 1447 786; x_wconf 69' lang='lat' dir='ltr'><strong>memoire</strong></span> <span class='ocrx_word' id='word_1_29' title='bbox 1483 750 1567 784; x_wconf 83' lang='lat' dir='ltr'><strong>sur</strong></span> <span class='ocrx_word' id='word_1_30' title='bbox 1603 736 1675 785; x_wconf 85' lang='lat' dir='ltr'><strong>les</strong></span> <span class='ocrx_word' id='word_1_31' title='bbox 1710 740 1844 784; x_wconf 80' lang='lat' dir='ltr'><strong>actes</strong></span> <span class='ocrx_word' id='word_1_32' title='bbox 1880 735 1927 783; x_wconf 84' lang='lat' dir='ltr'><strong>d·</strong></span> <span class='ocrx_word' id='word_1_33' title='bbox 1966 733 2207 783; x_wconf 84' lang='lat' dir='ltr'><strong>Innocent</strong></span> <span class='ocrx_word' id='word_1_34' title='bbox 2240 732 2333 782; x_wconf 92' lang='lat'>111.</span> <span class='ocrx_word' id='word_1_35' title='bbox 2370 731 2511 782; x_wconf 74' lang='lat' dir='ltr'><strong>Paris</strong></span> <span class='ocrx_word' id='word_1_36' title='bbox 2554 730 2707 795; x_wconf 87' lang='grc'><strong>1857,</strong></span> <span class='ocrx_word' id='word_1_37' title='bbox 2746 750 2803 798; x_wconf 79' lang='grc' dir='ltr'><strong>Ρ,</strong></span> 
     </span>
     <span class='ocr_line' id='line_1_5' title="bbox 457 816 2803 889; baseline 0.001 -21"><span class='ocrx_word' id='word_1_38' title='bbox 457 816 544 874; x_wconf 86' lang='grc'><strong>68.</strong></span> <span class='ocrx_word' id='word_1_39' title='bbox 586 849 646 858; x_wconf 92' lang='lat'><strong>—-</strong></span> <span class='ocrx_word' id='word_1_40' title='bbox 695 820 733 889; x_wconf 77' lang='grc'><strong>1)</strong></span> <span class='ocrx_word' id='word_1_41' title='bbox 771 821 860 872; x_wconf 77' lang='lat' dir='ltr'><strong>das</strong></span> <span class='ocrx_word' id='word_1_42' title='bbox 894 824 986 873; x_wconf 70' lang='lat' dir='ltr'><strong>auf</strong></span> <span class='ocrx_word' id='word_1_43' title='bbox 1018 822 1051 871; x_wconf 87' lang='lat' dir='ltr'><strong>d</strong></span> <span class='ocrx_word' id='word_1_44' title='bbox 1064 824 1122 872; x_wconf 85' lang='lat' dir='ltr'><strong>ei</strong></span> <span class='ocrx_word' id='word_1_45' title='bbox 1158 824 1386 889; x_wconf 82' lang='lat' dir='ltr'><strong>folgende</strong></span> <span class='ocrx_word' id='word_1_46' title='bbox 1421 830 1544 873; x_wconf 78' lang='lat' dir='ltr'><strong>wort</strong></span> <span class='ocrx_word' id='word_1_47' title='bbox 1600 824 1805 888; x_wconf 82' lang='lat' dir='ltr'><strong>beginnt</strong></span> <span class='ocrx_word' id='word_1_48' title='bbox 1853 822 1961 871; x_wconf 83' lang='lat' dir='ltr'><strong>hier</strong></span> <span class='ocrx_word' id='word_1_49' title='bbox 2010 823 2186 870; x_wconf 79' lang='lat' dir='ltr'><strong>immet</strong></span> <span class='ocrx_word' id='word_1_50' title='bbox 2221 821 2314 870; x_wconf 86' lang='lat' dir='ltr'><strong>mit</strong></span> <span class='ocrx_word' id='word_1_51' title='bbox 2360 821 2495 870; x_wconf 85' lang='lat' dir='ltr'><strong>einer</strong></span> <span class='ocrx_word' id='word_1_52' title='bbox 2530 821 2803 871; x_wconf 81' lang='lat' dir='ltr'><strong>minuskel.</strong></span> 
     </span>
     <span class='ocr_line' id='line_1_6' title="bbox 461 907 2803 978; baseline 0 -20"><span class='ocrx_word' id='word_1_53' title='bbox 461 937 523 948; x_wconf 90' lang='lat'><em>-</em></span> <span class='ocrx_word' id='word_1_54' title='bbox 569 911 608 970; x_wconf 56' lang='grc' dir='ltr'><strong>θ)</strong></span> <span class='ocrx_word' id='word_1_55' title='bbox 643 909 725 958; x_wconf 85' lang='lat' dir='ltr'><strong>ich</strong></span> <span class='ocrx_word' id='word_1_56' title='bbox 761 910 888 960; x_wconf 74' lang='lat' dir='ltr'><strong>habe</strong></span> <span class='ocrx_word' id='word_1_57' title='bbox 923 912 993 962; x_wconf 87' lang='lat' dir='ltr'><strong>im</strong></span> <span class='ocrx_word' id='word_1_58' title='bbox 1029 912 1292 978; x_wconf 77' lang='lat' dir='ltr'><strong>folgenden</strong></span> <span class='ocrx_word' id='word_1_59' title='bbox 1341 912 1429 961; x_wconf 71' lang='lat' dir='ltr'><strong>das</strong></span> <span class='ocrx_word' id='word_1_60' title='bbox 1483 915 1661 960; x_wconf 76' lang='lat' dir='ltr'><strong>immet</strong></span> <span class='ocrx_word' id='word_1_61' title='bbox 1708 909 2139 960; x_wconf 76' lang='lat' dir='ltr'><strong>wiederkehrende</strong></span> <span class='ocrx_word' id='word_1_62' title='bbox 2192 907 2467 958; x_wconf 59' lang='lat' dir='ltr'><strong>Gelonem</strong></span> <span class='ocrx_word' id='word_1_63' title='bbox 2514 908 2803 974; x_wconf 67' lang='lat' dir='ltr'><strong>episcopus,</strong></span> 
     </span>
     <span class='ocr_line' id='line_1_7' title="bbox 457 995 2799 1069; baseline -0 -22"><span class='ocrx_word' id='word_1_64' title='bbox 457 1011 634 1048; x_wconf 71' lang='lat' dir='ltr'><strong>servm</strong></span> <span class='ocrx_word' id='word_1_65' title='bbox 671 1012 932 1048; x_wconf 72' lang='lat' dir='ltr'><strong>corvorum</strong></span> <span class='ocrx_word' id='word_1_66' title='bbox 975 997 1066 1050; x_wconf 71' lang='lat' dir='ltr'><strong>dei</strong></span> <span class='ocrx_word' id='word_1_67' title='bbox 1113 1001 1216 1050; x_wconf 87' lang='lat' dir='ltr'><strong>und</strong></span> <span class='ocrx_word' id='word_1_68' title='bbox 1265 998 1482 1050; x_wconf 73' lang='lat' dir='ltr'><strong>salutem</strong></span> <span class='ocrx_word' id='word_1_69' title='bbox 1539 1007 1589 1050; x_wconf 75' lang='lat' dir='ltr'><strong>ot</strong></span> <span class='ocrx_word' id='word_1_70' title='bbox 1636 997 1967 1064; x_wconf 71' lang='lat' dir='ltr'><strong>apostolicam</strong></span> <span class='ocrx_word' id='word_1_71' title='bbox 2016 995 2405 1048; x_wconf 68' lang='lat' dir='ltr'><strong>benedictionem</strong></span> <span class='ocrx_word' id='word_1_72' title='bbox 2454 997 2799 1069; x_wconf 73' lang='lat' dir='ltr'><strong>fortgelassen.</strong></span> 
     </span>
     <span class='ocr_line' id='line_1_8' title="bbox 462 1083 2801 1156; baseline 0.001 -21"><span class='ocrx_word' id='word_1_73' title='bbox 462 1113 524 1156; x_wconf 32' lang='lat'><strong>—·</strong></span> <span class='ocrx_word' id='word_1_74' title='bbox 569 1087 608 1146; x_wconf 76' lang='lat'><strong>⁸)</strong></span> <span class='ocrx_word' id='word_1_75' title='bbox 645 1087 778 1146; x_wconf 74' lang='lat' dir='ltr'><strong>filiis,</strong></span> <span class='ocrx_word' id='word_1_76' title='bbox 813 1102 856 1138; x_wconf 87' lang='lat' dir='ltr'><strong>c.</strong></span> <span class='ocrx_word' id='word_1_77' title='bbox 901 1117 960 1126; x_wconf 88' lang='lat'><strong>-—</strong></span> <span class='ocrx_word' id='word_1_78' title='bbox 1003 1091 1044 1150; x_wconf 85' lang='lat'><strong>⁴)</strong></span> <span class='ocrx_word' id='word_1_79' title='bbox 1095 1090 1199 1156; x_wconf 76' lang='lat' dir='ltr'><strong>vgl.</strong></span> <span class='ocrx_word' id='word_1_80' title='bbox 1230 1089 1410 1152; x_wconf 76' lang='lat' dir='ltr'><strong>jedoch</strong></span> <span class='ocrx_word' id='word_1_81' title='bbox 1463 1088 1653 1139; x_wconf 80' lang='lat' dir='ltr'><strong>Delisle</strong></span> <span class='ocrx_word' id='word_1_82' title='bbox 1688 1104 1737 1154; x_wconf 80' lang='lat' dir='ltr'><strong>p.</strong></span> <span class='ocrx_word' id='word_1_83' title='bbox 1778 1084 1863 1138; x_wconf 82' lang='lat'><strong>29.</strong></span> <span class='ocrx_word' id='word_1_84' title='bbox 1904 1113 1967 1126; x_wconf 90' lang='lat'><strong>-·</strong></span> <span class='ocrx_word' id='word_1_85' title='bbox 2010 1085 2053 1155; x_wconf 83' lang='lat'><strong>⁶)</strong></span> <span class='ocrx_word' id='word_1_86' title='bbox 2092 1086 2365 1151; x_wconf 71' lang='lat' dir='ltr'><strong>capellano,</strong></span> <span class='ocrx_word' id='word_1_87' title='bbox 2402 1100 2444 1136; x_wconf 85' lang='lat' dir='ltr'><strong>e.</strong></span> <span class='ocrx_word' id='word_1_88' title='bbox 2487 1115 2549 1126; x_wconf 91' lang='lat'><em>-</em></span> <span class='ocrx_word' id='word_1_89' title='bbox 2594 1083 2637 1154; x_wconf 70' lang='grc' dir='ltr'><strong>θ)</strong></span> <span class='ocrx_word' id='word_1_90' title='bbox 2674 1091 2801 1138; x_wconf 72' lang='lat' dir='ltr'><strong>stra-</strong></span> 
     </span>
     <span class='ocr_line' id='line_1_9' title="bbox 455 1173 720 1242; baseline 0.008 -18"><span class='ocrx_word' id='word_1_91' title='bbox 455 1173 636 1242; x_wconf 74' lang='lat' dir='ltr'><strong>tologn,</strong></span> <span class='ocrx_word' id='word_1_92' title='bbox 677 1189 720 1226; x_wconf 85' lang='grc' dir='ltr'><strong>ο.</strong></span> 
     </span>
    </p>
   </div>
   <div class='ocr_carea' id='block_1_4' title="bbox 599 1398 2799 1706">
    <p class='ocr_par' dir='ltr' id='par_1_4' title="bbox 599 1398 2799 1706">
     <span class='ocr_line' id='line_1_10' title="bbox 599 1398 2799 1492; baseline -0.002 -22"><span class='ocrx_word' id='word_1_93' title='bbox 599 1403 664 1470; x_wconf 77' lang='grc'><strong>7.</strong></span> <span class='ocrx_word' id='word_1_94' title='bbox 713 1404 989 1470; x_wconf 60' lang='lat' dir='ltr'><strong>stoma&amp;</strong></span> <span class='ocrx_word' id='word_1_95' title='bbox 1017 1429 1133 1473; x_wconf 77' lang='lat' dir='ltr'><strong>von</strong></span> <span class='ocrx_word' id='word_1_96' title='bbox 1163 1407 1404 1492; x_wconf 72' lang='lat' dir='ltr'><strong>Capua,</strong></span> <span class='ocrx_word' id='word_1_97' title='bbox 1445 1398 2057 1488; x_wconf 69' lang='lat' dir='ltr'><strong>hardinalpreebytor</strong></span> <span class='ocrx_word' id='word_1_98' title='bbox 2094 1425 2211 1468; x_wconf 80' lang='lat' dir='ltr'><strong>von</strong></span> <span class='ocrx_word' id='word_1_99' title='bbox 2251 1403 2319 1467; x_wconf 74' lang='lat' dir='ltr'><strong>S.</strong></span> <span class='ocrx_word' id='word_1_100' title='bbox 2362 1403 2605 1467; x_wconf 77' lang='lat' dir='ltr'><strong>Sabina</strong></span> <span class='ocrx_word' id='word_1_101' title='bbox 2646 1407 2799 1467; x_wconf 62' lang='lat' dir='ltr'><strong>iiber</strong></span> 
     </span>
     <span class='ocr_line' id='line_1_11' title="bbox 713 1511 2795 1597; baseline 0 -23"><span class='ocrx_word' id='word_1_102' title='bbox 713 1512 830 1574; x_wconf 80' lang='lat' dir='ltr'><strong>den</strong></span> <span class='ocrx_word' id='word_1_103' title='bbox 881 1513 1152 1597; x_wconf 68' lang='lat' dir='ltr'><strong>briqfstil</strong></span> <span class='ocrx_word' id='word_1_104' title='bbox 1207 1517 1406 1578; x_wconf 63' lang='lat' dir='ltr'><strong>seina·</strong></span> <span class='ocrx_word' id='word_1_105' title='bbox 1459 1516 1577 1578; x_wconf 61' lang='grc' dir='ltr'><strong>κίε</strong></span> <span class='ocrx_word' id='word_1_106' title='bbox 1634 1513 1769 1576; x_wconf 78' lang='lat' dir='ltr'><strong>und</strong></span> <span class='ocrx_word' id='word_1_107' title='bbox 1840 1511 2160 1576; x_wconf 65' lang='lat' dir='ltr'><strong>besondaere</strong></span> <span class='ocrx_word' id='word_1_108' title='bbox 2230 1512 2342 1574; x_wconf 75' lang='lat' dir='ltr'><strong>der</strong></span> <span class='ocrx_word' id='word_1_109' title='bbox 2407 1511 2795 1594; x_wconf 57' lang='lat' dir='ltr'><strong>papaliohen</strong></span> 
     </span>
     <span class='ocr_line' id='line_1_12' title="bbox 711 1618 1368 1706; baseline 0.008 -27"><span class='ocrx_word' id='word_1_110' title='bbox 711 1618 970 1698; x_wconf 70' lang='lat' dir='ltr'><strong>kanzki.</strong></span> <span class='ocrx_word' id='word_1_111' title='bbox 1037 1620 1368 1706; x_wconf 70' lang='lat' dir='ltr'><strong>(Auezuy.)</strong></span> 
     </span>
    </p>
   </div>
   <div class='ocr_carea' id='block_1_5' title="bbox 449 1779 2826 4307">
    <p class='ocr_par' dir='ltr' id='par_1_5' title="bbox 451 1779 2826 3043">
     <span class='ocr_line' id='line_1_13' title="bbox 638 1779 2792 1864; baseline -0 -22"><span class='ocrx_word' id='word_1_112' title='bbox 638 1813 714 1826; x_wconf 94' lang='lat'><strong>--</strong></span> <span class='ocrx_word' id='word_1_113' title='bbox 752 1815 835 1824; x_wconf 92' lang='lat'><strong>—-</strong></span> <span class='ocrx_word' id='word_1_114' title='bbox 869 1779 1126 1844; x_wconf 83' lang='lat' dir='ltr'><strong>Celebris</strong></span> <span class='ocrx_word' id='word_1_115' title='bbox 1157 1791 1245 1844; x_wconf 87' lang='lat' dir='ltr'><strong>est</strong></span> <span class='ocrx_word' id='word_1_116' title='bbox 1274 1791 1333 1843; x_wconf 87' lang='lat' dir='ltr'><strong>et</strong></span> <span class='ocrx_word' id='word_1_117' title='bbox 1362 1782 1611 1864; x_wconf 89' lang='lat' dir='ltr'><strong>gloriosa</strong></span> <span class='ocrx_word' id='word_1_118' title='bbox 1640 1781 1913 1843; x_wconf 89' lang='lat' dir='ltr'><strong>Romana</strong></span> <span class='ocrx_word' id='word_1_119' title='bbox 1942 1780 2129 1855; x_wconf 91' lang='lat' dir='ltr'><strong>curia,</strong></span> <span class='ocrx_word' id='word_1_120' title='bbox 2159 1782 2404 1862; x_wconf 86' lang='lat' dir='ltr'><strong>desuper</strong></span> <span class='ocrx_word' id='word_1_121' title='bbox 2433 1780 2594 1842; x_wconf 87' lang='lat' dir='ltr'><strong>cuius</strong></span> <span class='ocrx_word' id='word_1_122' title='bbox 2625 1781 2792 1860; x_wconf 88' lang='lat' dir='ltr'><strong>pedi-</strong></span> 
     </span>
     <span class='ocr_line' id='line_1_14' title="bbox 454 1884 2792 1968; baseline 0 -23"><span class='ocrx_word' id='word_1_123' title='bbox 454 1884 564 1946; x_wconf 91' lang='lat' dir='ltr'><strong>bus</strong></span> <span class='ocrx_word' id='word_1_124' title='bbox 594 1886 854 1948; x_wconf 88' lang='lat' dir='ltr'><strong>defluunt</strong></span> <span class='ocrx_word' id='word_1_125' title='bbox 881 1907 1030 1968; x_wconf 91' lang='lat' dir='ltr'><strong>aque</strong></span> <span class='ocrx_word' id='word_1_126' title='bbox 1060 1887 1194 1951; x_wconf 89' lang='lat' dir='ltr'><strong>vive</strong></span> <span class='ocrx_word' id='word_1_127' title='bbox 1225 1899 1312 1963; x_wconf 88' lang='lat' dir='ltr'><strong>et,</strong></span> <span class='ocrx_word' id='word_1_128' title='bbox 1342 1889 1507 1950; x_wconf 87' lang='lat' dir='ltr'><strong>velut</strong></span> <span class='ocrx_word' id='word_1_129' title='bbox 1546 1909 1622 1950; x_wconf 84' lang='lat' dir='ltr'><strong>ex</strong></span> <span class='ocrx_word' id='word_1_130' title='bbox 1665 1889 1822 1950; x_wconf 87' lang='lat' dir='ltr'><strong>fonte</strong></span> <span class='ocrx_word' id='word_1_131' title='bbox 1866 1885 2071 1960; x_wconf 89' lang='lat' dir='ltr'><strong>rivuli,</strong></span> <span class='ocrx_word' id='word_1_132' title='bbox 2120 1895 2247 1948; x_wconf 91' lang='lat' dir='ltr'><strong>tam</strong></span> <span class='ocrx_word' id='word_1_133' title='bbox 2296 1903 2487 1948; x_wconf 92' lang='lat' dir='ltr'><strong>rerum</strong></span> <span class='ocrx_word' id='word_1_134' title='bbox 2534 1885 2792 1948; x_wconf 90' lang='lat' dir='ltr'><strong>omnium</strong></span> 
     </span>
     <span class='ocr_line' id='line_1_15' title="bbox 451 1990 2794 2076; baseline 0.001 -26"><span class='ocrx_word' id='word_1_135' title='bbox 451 1991 840 2054; x_wconf 86' lang='lat' dir='ltr'><strong>faciendarum</strong></span> <span class='ocrx_word' id='word_1_136' title='bbox 871 2013 1050 2076; x_wconf 91' lang='lat' dir='ltr'><strong>quam</strong></span> <span class='ocrx_word' id='word_1_137' title='bbox 1079 1997 1458 2057; x_wconf 90' lang='lat' dir='ltr'><strong>tenendarum</strong></span> <span class='ocrx_word' id='word_1_138' title='bbox 1487 1994 1615 2056; x_wconf 92' lang='lat' dir='ltr'><strong>iura</strong></span> <span class='ocrx_word' id='word_1_139' title='bbox 1634 2002 1693 2055; x_wconf 93' lang='lat' dir='ltr'><strong>et</strong></span> <span class='ocrx_word' id='word_1_140' title='bbox 1709 1994 1984 2074; x_wconf 83' lang='lat' dir='ltr'><strong>dogmata</strong></span> <span class='ocrx_word' id='word_1_141' title='bbox 1998 1990 2347 2065; x_wconf 74' lang='lat' dir='ltr'><strong>derivantur,</strong></span> <span class='ocrx_word' id='word_1_142' title='bbox 2378 2012 2558 2073; x_wconf 87' lang='lat' dir='ltr'><strong>usque</strong></span> <span class='ocrx_word' id='word_1_143' title='bbox 2577 1992 2794 2055; x_wconf 87' lang='lat' dir='ltr'><strong>scilicet</strong></span> 
     </span>
     <span class='ocr_line' id='line_1_16' title="bbox 453 2096 2791 2179; baseline 0 -21"><span class='ocrx_word' id='word_1_144' title='bbox 453 2098 530 2158; x_wconf 87' lang='lat' dir='ltr'><strong>ad</strong></span> <span class='ocrx_word' id='word_1_145' title='bbox 559 2096 804 2178; x_wconf 89' lang='lat' dir='ltr'><strong>speciem</strong></span> <span class='ocrx_word' id='word_1_146' title='bbox 835 2101 1024 2162; x_wconf 90' lang='lat' dir='ltr'><strong>ornati</strong></span> <span class='ocrx_word' id='word_1_147' title='bbox 1053 2101 1380 2164; x_wconf 81' lang='lat' dir='ltr'><strong>dictaminis</strong></span> <span class='ocrx_word' id='word_1_148' title='bbox 1408 2109 1469 2162; x_wconf 88' lang='lat' dir='ltr'><strong>et</strong></span> <span class='ocrx_word' id='word_1_149' title='bbox 1498 2101 1774 2172; x_wconf 84' lang='lat' dir='ltr'><strong>decorem,</strong></span> <span class='ocrx_word' id='word_1_150' title='bbox 1805 2099 1864 2160; x_wconf 89' lang='lat' dir='ltr'><strong>in</strong></span> <span class='ocrx_word' id='word_1_151' title='bbox 1895 2117 2009 2179; x_wconf 92' lang='lat' dir='ltr'><strong>quo</strong></span> <span class='ocrx_word' id='word_1_152' title='bbox 2039 2107 2100 2159; x_wconf 92' lang='lat' dir='ltr'><strong>et</strong></span> <span class='ocrx_word' id='word_1_153' title='bbox 2128 2115 2232 2179; x_wconf 93' lang='lat' dir='ltr'><strong>per</strong></span> <span class='ocrx_word' id='word_1_154' title='bbox 2260 2098 2398 2178; x_wconf 89' lang='lat' dir='ltr'><strong>quid</strong></span> <span class='ocrx_word' id='word_1_155' title='bbox 2428 2097 2608 2160; x_wconf 89' lang='lat' dir='ltr'><strong>totius</strong></span> <span class='ocrx_word' id='word_1_156' title='bbox 2624 2097 2791 2160; x_wconf 86' lang='lat' dir='ltr'><strong>litte—</strong></span> 
     </span>
     <span class='ocr_line' id='line_1_17' title="bbox 452 2203 2826 2290; baseline 0.002 -28"><span class='ocrx_word' id='word_1_157' title='bbox 452 2211 708 2266; x_wconf 89' lang='lat' dir='ltr'><strong>ratorum</strong></span> <span class='ocrx_word' id='word_1_158' title='bbox 739 2207 1104 2287; x_wconf 87' lang='lat' dir='ltr'><strong>professionis</strong></span> <span class='ocrx_word' id='word_1_159' title='bbox 1134 2208 1385 2270; x_wconf 84' lang='lat' dir='ltr'><strong>noscitur</strong></span> <span class='ocrx_word' id='word_1_160' title='bbox 1415 2209 1613 2270; x_wconf 89' lang='lat' dir='ltr'><strong>florere</strong></span> <span class='ocrx_word' id='word_1_161' title='bbox 1641 2205 1891 2268; x_wconf 82' lang='lat' dir='ltr'><strong>facilitas</strong></span> <span class='ocrx_word' id='word_1_162' title='bbox 1911 2214 1970 2266; x_wconf 92' lang='lat' dir='ltr'><strong>et</strong></span> <span class='ocrx_word' id='word_1_163' title='bbox 1988 2223 2157 2266; x_wconf 89' lang='lat' dir='ltr'><strong>omne</strong></span> <span class='ocrx_word' id='word_1_164' title='bbox 2177 2206 2395 2290; x_wconf 88' lang='lat' dir='ltr'><strong>bonum</strong></span> <span class='ocrx_word' id='word_1_165' title='bbox 2414 2203 2473 2265; x_wconf 92' lang='lat' dir='ltr'><strong>in</strong></span> <span class='ocrx_word' id='word_1_166' title='bbox 2492 2203 2791 2285; x_wconf 86' lang='lat' dir='ltr'><strong>publicum</strong></span> <span class='ocrx_word' id='word_1_167' title='bbox 2822 2204 2826 2209; x_wconf 54' lang='lat'><strong>²</strong></span> 
     </span>
     <span class='ocr_line' id='line_1_18' title="bbox 455 2305 2791 2394; baseline 0.001 -25"><span class='ocrx_word' id='word_1_168' title='bbox 455 2316 514 2369; x_wconf 91' lang='lat' dir='ltr'><strong>et</strong></span> <span class='ocrx_word' id='word_1_169' title='bbox 541 2307 603 2375; x_wconf 86' lang='lat' dir='ltr'><strong>in</strong></span> <span class='ocrx_word' id='word_1_170' title='bbox 631 2311 819 2373; x_wconf 89' lang='lat' dir='ltr'><strong>lucem</strong></span> <span class='ocrx_word' id='word_1_171' title='bbox 849 2305 909 2373; x_wconf 87' lang='lat' dir='ltr'><strong>se</strong></span> <span class='ocrx_word' id='word_1_172' title='bbox 940 2314 1106 2394; x_wconf 82' lang='lat' dir='ltr'><strong>erigit</strong></span> <span class='ocrx_word' id='word_1_173' title='bbox 1136 2313 1448 2376; x_wconf 86' lang='lat' dir='ltr'><strong>clariorem.</strong></span> <span class='ocrx_word' id='word_1_174' title='bbox 1498 2314 1824 2393; x_wconf 90' lang='lat' dir='ltr'><strong>Eapropter</strong></span> <span class='ocrx_word' id='word_1_175' title='bbox 1852 2311 2120 2373; x_wconf 83' lang='lat' dir='ltr'><strong>Romane</strong></span> <span class='ocrx_word' id='word_1_176' title='bbox 2150 2311 2302 2372; x_wconf 91' lang='lat' dir='ltr'><strong>curie</strong></span> <span class='ocrx_word' id='word_1_177' title='bbox 2330 2311 2589 2391; x_wconf 87' lang='lat' dir='ltr'><strong>vestigiis</strong></span> <span class='ocrx_word' id='word_1_178' title='bbox 2618 2310 2791 2372; x_wconf 89' lang='lat' dir='ltr'><strong>inhe-</strong></span> 
     </span>
     <span class='ocr_line' id='line_1_19' title="bbox 453 2417 2790 2507; baseline 0.002 -32"><span class='ocrx_word' id='word_1_179' title='bbox 453 2424 660 2489; x_wconf 86' lang='lat' dir='ltr'><strong>rentes,</strong></span> <span class='ocrx_word' id='word_1_180' title='bbox 691 2417 813 2480; x_wconf 88' lang='lat' dir='ltr'><strong>eius</strong></span> <span class='ocrx_word' id='word_1_181' title='bbox 843 2418 963 2480; x_wconf 90' lang='lat' dir='ltr'><strong>stili</strong></span> <span class='ocrx_word' id='word_1_182' title='bbox 994 2440 1109 2482; x_wconf 91' lang='lat' dir='ltr'><strong>non</strong></span> <span class='ocrx_word' id='word_1_183' title='bbox 1139 2420 1368 2500; x_wconf 88' lang='lat' dir='ltr'><strong>indigne</strong></span> <span class='ocrx_word' id='word_1_184' title='bbox 1399 2418 1795 2499; x_wconf 89' lang='lat' dir='ltr'><strong>magisterium</strong></span> <span class='ocrx_word' id='word_1_185' title='bbox 1841 2418 2138 2507; x_wconf 86' lang='lat' dir='ltr'><strong>imitamur</strong></span> <span class='ocrx_word' id='word_1_186' title='bbox 2154 2466 2168 2493; x_wconf 95' lang='lat'><strong>,</strong></span> <span class='ocrx_word' id='word_1_187' title='bbox 2215 2420 2510 2481; x_wconf 80' lang='lat' dir='ltr'><strong>confutato</strong></span> <span class='ocrx_word' id='word_1_188' title='bbox 2556 2418 2790 2481; x_wconf 83' lang='lat' dir='ltr'><strong>illorum</strong></span> 
     </span>
     <span class='ocr_line' id='line_1_20' title="bbox 453 2523 2788 2607; baseline 0.002 -25"><span class='ocrx_word' id='word_1_189' title='bbox 453 2539 656 2597; x_wconf 91' lang='lat' dir='ltr'><strong>errore,</strong></span> <span class='ocrx_word' id='word_1_190' title='bbox 687 2524 786 2605; x_wconf 90' lang='lat' dir='ltr'><strong>qui</strong></span> <span class='ocrx_word' id='word_1_191' title='bbox 817 2524 937 2586; x_wconf 88' lang='lat' dir='ltr'><strong>sine</strong></span> <span class='ocrx_word' id='word_1_192' title='bbox 968 2525 1222 2606; x_wconf 89' lang='lat' dir='ltr'><strong>predicto</strong></span> <span class='ocrx_word' id='word_1_193' title='bbox 1252 2525 1583 2607; x_wconf 87' lang='lat' dir='ltr'><strong>magisterio</strong></span> <span class='ocrx_word' id='word_1_194' title='bbox 1599 2572 1614 2599; x_wconf 93' lang='lat'><strong>,</strong></span> <span class='ocrx_word' id='word_1_195' title='bbox 1660 2544 1789 2587; x_wconf 90' lang='lat' dir='ltr'><strong>cum</strong></span> <span class='ocrx_word' id='word_1_196' title='bbox 1822 2543 1937 2586; x_wconf 91' lang='lat' dir='ltr'><strong>non</strong></span> <span class='ocrx_word' id='word_1_197' title='bbox 1982 2524 2099 2585; x_wconf 87' lang='lat' dir='ltr'><strong>sint</strong></span> <span class='ocrx_word' id='word_1_198' title='bbox 2146 2524 2453 2586; x_wconf 83' lang='lat' dir='ltr'><strong>dictatores</strong></span> <span class='ocrx_word' id='word_1_199' title='bbox 2466 2571 2482 2598; x_wconf 91' lang='lat'>‚</span> <span class='ocrx_word' id='word_1_200' title='bbox 2532 2523 2788 2606; x_wconf 90' lang='lat' dir='ltr'><strong>quinimo</strong></span> 
     </span>
     <span class='ocr_line' id='line_1_21' title="bbox 451 2618 2789 2712; baseline 0.001 -23"><span class='ocrx_word' id='word_1_201' title='bbox 451 2627 574 2691; x_wconf 85' lang='lat' dir='ltr'><strong>sine</strong></span> <span class='ocrx_word' id='word_1_202' title='bbox 605 2629 712 2691; x_wconf 87' lang='lat' dir='ltr'><strong>tali</strong></span> <span class='ocrx_word' id='word_1_203' title='bbox 742 2618 975 2693; x_wconf 87' lang='lat' dir='ltr'><strong>lucerna</strong></span> <span class='ocrx_word' id='word_1_204' title='bbox 1004 2632 1240 2694; x_wconf 89' lang='lat' dir='ltr'><strong>luminis</strong></span> <span class='ocrx_word' id='word_1_205' title='bbox 1270 2632 1328 2695; x_wconf 89' lang='lat' dir='ltr'><strong>in</strong></span> <span class='ocrx_word' id='word_1_206' title='bbox 1359 2633 1518 2693; x_wconf 89' lang='lat' dir='ltr'><strong>viam</strong></span> <span class='ocrx_word' id='word_1_207' title='bbox 1547 2652 1662 2693; x_wconf 89' lang='lat' dir='ltr'><strong>non</strong></span> <span class='ocrx_word' id='word_1_208' title='bbox 1693 2640 1963 2692; x_wconf 87' lang='lat' dir='ltr'><strong>verentur</strong></span> <span class='ocrx_word' id='word_1_209' title='bbox 1992 2630 2159 2711; x_wconf 85' lang='lat' dir='ltr'><strong>dirigi</strong></span> <span class='ocrx_word' id='word_1_210' title='bbox 2201 2629 2479 2692; x_wconf 71' lang='lat' dir='ltr'><strong>veritatis</strong></span> <span class='ocrx_word' id='word_1_211' title='bbox 2539 2632 2789 2712; x_wconf 85' lang='lat' dir='ltr'><strong>Ideoque</strong></span> 
     </span>
     <span class='ocr_line' id='line_1_22' title="bbox 453 2735 2791 2819; baseline 0.002 -25"><span class='ocrx_word' id='word_1_212' title='bbox 453 2735 530 2795; x_wconf 90' lang='lat' dir='ltr'><strong>ad</strong></span> <span class='ocrx_word' id='word_1_213' title='bbox 567 2754 767 2798; x_wconf 86' lang='lat' dir='ltr'><strong>veram</strong></span> <span class='ocrx_word' id='word_1_214' title='bbox 810 2738 1136 2801; x_wconf 89' lang='lat' dir='ltr'><strong>dictaminis</strong></span> <span class='ocrx_word' id='word_1_215' title='bbox 1180 2738 1427 2819; x_wconf 89' lang='lat' dir='ltr'><strong>speciem</strong></span> <span class='ocrx_word' id='word_1_216' title='bbox 1477 2747 1536 2800; x_wconf 91' lang='lat' dir='ltr'><strong>et</strong></span> <span class='ocrx_word' id='word_1_217' title='bbox 1584 2736 1979 2799; x_wconf 87' lang='lat' dir='ltr'><strong>celsitudinem</strong></span> <span class='ocrx_word' id='word_1_218' title='bbox 2028 2737 2537 2819; x_wconf 88' lang='lat' dir='ltr'><strong>contemplandam</strong></span> <span class='ocrx_word' id='word_1_219' title='bbox 2583 2746 2791 2799; x_wconf 80' lang='lat' dir='ltr'><strong>cuncta</strong></span> 
     </span>
     <span class='ocr_line' id='line_1_23' title="bbox 455 2838 2791 2934; baseline 0.003 -36"><span class='ocrx_word' id='word_1_220' title='bbox 455 2838 645 2902; x_wconf 88' lang='lat' dir='ltr'><strong>minus</strong></span> <span class='ocrx_word' id='word_1_221' title='bbox 673 2845 750 2905; x_wconf 87' lang='lat' dir='ltr'><strong>ad</strong></span> <span class='ocrx_word' id='word_1_222' title='bbox 779 2862 903 2905; x_wconf 89' lang='lat' dir='ltr'><strong>rem</strong></span> <span class='ocrx_word' id='word_1_223' title='bbox 930 2844 1216 2934; x_wconf 87' lang='lat' dir='ltr'><strong>facientia,</strong></span> <span class='ocrx_word' id='word_1_224' title='bbox 1247 2866 1319 2907; x_wconf 92' lang='lat' dir='ltr'><strong>ne</strong></span> <span class='ocrx_word' id='word_1_225' title='bbox 1349 2862 1551 2907; x_wconf 89' lang='lat' dir='ltr'><strong>verum</strong></span> <span class='ocrx_word' id='word_1_226' title='bbox 1582 2862 1810 2907; x_wconf 90' lang='lat' dir='ltr'><strong>cursum</strong></span> <span class='ocrx_word' id='word_1_227' title='bbox 1858 2842 2181 2924; x_wconf 87' lang='lat' dir='ltr'><strong>impediant</strong></span> <span class='ocrx_word' id='word_1_228' title='bbox 2195 2891 2211 2917; x_wconf 94' lang='lat'><strong>,</strong></span> <span class='ocrx_word' id='word_1_229' title='bbox 2266 2843 2679 2925; x_wconf 77' lang='lat' dir='ltr'><strong>exstirpemuS‚</strong></span> <span class='ocrx_word' id='word_1_230' title='bbox 2730 2851 2791 2904; x_wconf 90' lang='lat' dir='ltr'><strong>et</strong></span> 
     </span>
     <span class='ocr_line' id='line_1_24' title="bbox 455 2945 2714 3043; baseline 0.003 -38"><span class='ocrx_word' id='word_1_231' title='bbox 455 2945 624 3009; x_wconf 82' lang='lat' dir='ltr'><strong>utilia</strong></span> <span class='ocrx_word' id='word_1_232' title='bbox 652 2951 994 3031; x_wconf 87' lang='lat' dir='ltr'><strong>generaliter</strong></span> <span class='ocrx_word' id='word_1_233' title='bbox 1006 2949 1056 3035; x_wconf 92' lang='lat'><strong>1)</strong></span> <span class='ocrx_word' id='word_1_234' title='bbox 1088 2954 1196 3015; x_wconf 91' lang='lat' dir='ltr'><strong>sub</strong></span> <span class='ocrx_word' id='word_1_235' title='bbox 1227 2951 1562 3033; x_wconf 89' lang='lat' dir='ltr'><strong>compendio</strong></span> <span class='ocrx_word' id='word_1_236' title='bbox 1592 2951 2052 3033; x_wconf 85' lang='lat' dir='ltr'><strong>perstringentes.</strong></span> <span class='ocrx_word' id='word_1_237' title='bbox 2086 2986 2167 2997; x_wconf 92' lang='lat'><em>-</em></span> <span class='ocrx_word' id='word_1_238' title='bbox 2201 2986 2288 2995; x_wconf 93' lang='lat'><strong>—</strong></span> <span class='ocrx_word' id='word_1_239' title='bbox 2704 3030 2714 3043; x_wconf 77' lang='lat'><strong>,</strong></span> 
     </span>
    </p>

    <p class='ocr_par' dir='ltr' id='par_1_6' title="bbox 453 3054 2791 3549">
     <span class='ocr_line' id='line_1_25' title="bbox 629 3054 2791 3140; baseline -0.001 -21"><span class='ocrx_word' id='word_1_240' title='bbox 629 3056 1022 3121; x_wconf 79' lang='lat' dir='ltr'><strong>Dictaminum</strong></span> <span class='ocrx_word' id='word_1_241' title='bbox 1052 3077 1188 3121; x_wconf 88' lang='lat' dir='ltr'><strong>vero</strong></span> <span class='ocrx_word' id='word_1_242' title='bbox 1218 3076 1427 3140; x_wconf 89' lang='lat' dir='ltr'><strong>genera</strong></span> <span class='ocrx_word' id='word_1_243' title='bbox 1456 3058 1568 3120; x_wconf 89' lang='lat' dir='ltr'><strong>tria</strong></span> <span class='ocrx_word' id='word_1_244' title='bbox 1613 3067 1777 3132; x_wconf 86' lang='lat' dir='ltr'><strong>sunt,</strong></span> <span class='ocrx_word' id='word_1_245' title='bbox 1827 3078 1865 3119; x_wconf 89' lang='lat' dir='ltr'><strong>a</strong></span> <span class='ocrx_word' id='word_1_246' title='bbox 1906 3058 2199 3119; x_wconf 88' lang='lat' dir='ltr'><strong>veteribus</strong></span> <span class='ocrx_word' id='word_1_247' title='bbox 2246 3054 2525 3129; x_wconf 82' lang='lat' dir='ltr'><strong>diffinita,</strong></span> <span class='ocrx_word' id='word_1_248' title='bbox 2575 3054 2791 3118; x_wconf 88' lang='lat' dir='ltr'><strong>scilicet</strong></span> 
     </span>
     <span class='ocr_line' id='line_1_26' title="bbox 453 3161 2787 3244; baseline 0 -21"><span class='ocrx_word' id='word_1_249' title='bbox 453 3163 792 3242; x_wconf 83' lang='lat' dir='ltr'><strong>prosaicum,</strong></span> <span class='ocrx_word' id='word_1_250' title='bbox 823 3165 1124 3228; x_wconf 88' lang='lat' dir='ltr'><strong>metricum</strong></span> <span class='ocrx_word' id='word_1_251' title='bbox 1155 3175 1214 3227; x_wconf 93' lang='lat' dir='ltr'><strong>et</strong></span> <span class='ocrx_word' id='word_1_252' title='bbox 1243 3162 1597 3227; x_wconf 61' lang='lat' dir='ltr'><strong>rithmicumss</strong></span> <span class='ocrx_word' id='word_1_253' title='bbox 1628 3200 1716 3211; x_wconf 92' lang='lat'><em>-</em></span> <span class='ocrx_word' id='word_1_254' title='bbox 1748 3198 1830 3209; x_wconf 87' lang='grc'><strong>--</strong></span> <span class='ocrx_word' id='word_1_255' title='bbox 1864 3162 1982 3225; x_wconf 87' lang='lat' dir='ltr'><strong>Sed</strong></span> <span class='ocrx_word' id='word_1_256' title='bbox 2012 3162 2150 3244; x_wconf 91' lang='lat' dir='ltr'><strong>quid</strong></span> <span class='ocrx_word' id='word_1_257' title='bbox 2180 3164 2250 3224; x_wconf 89' lang='lat' dir='ltr'><strong>de</strong></span> <span class='ocrx_word' id='word_1_258' title='bbox 2295 3163 2521 3225; x_wconf 88' lang='lat' dir='ltr'><strong>duobus</strong></span> <span class='ocrx_word' id='word_1_259' title='bbox 2564 3161 2787 3224; x_wconf 89' lang='lat' dir='ltr'><strong>ultimis</strong></span> 
     </span>
     <span class='ocr_line' id='line_1_27' title="bbox 455 3267 2788 3353; baseline 0.001 -24"><span class='ocrx_word' id='word_1_260' title='bbox 455 3288 604 3330; x_wconf 84' lang='lat' dir='ltr'><strong>nunc</strong></span> <span class='ocrx_word' id='word_1_261' title='bbox 632 3271 707 3331; x_wconf 90' lang='lat' dir='ltr'><strong>ad</strong></span> <span class='ocrx_word' id='word_1_262' title='bbox 739 3272 1013 3350; x_wconf 87' lang='lat' dir='ltr'><strong>presens?</strong></span> <span class='ocrx_word' id='word_1_263' title='bbox 1061 3271 1162 3333; x_wconf 88' lang='lat' dir='ltr'><strong>Ad</strong></span> <span class='ocrx_word' id='word_1_264' title='bbox 1207 3271 1516 3353; x_wconf 89' lang='lat' dir='ltr'><strong>epistolare</strong></span> <span class='ocrx_word' id='word_1_265' title='bbox 1564 3270 1855 3333; x_wconf 88' lang='lat' dir='ltr'><strong>dictamen</strong></span> <span class='ocrx_word' id='word_1_266' title='bbox 1872 3316 1888 3343; x_wconf 91' lang='lat'>‚</span> <span class='ocrx_word' id='word_1_267' title='bbox 1938 3269 2029 3331; x_wconf 88' lang='lat' dir='ltr'><strong>dei</strong></span> <span class='ocrx_word' id='word_1_268' title='bbox 2078 3267 2343 3332; x_wconf 85' lang='lat' dir='ltr'><strong>invocato</strong></span> <span class='ocrx_word' id='word_1_269' title='bbox 2392 3268 2631 3342; x_wconf 86' lang='lat' dir='ltr'><strong>auxili0,</strong></span> <span class='ocrx_word' id='word_1_270' title='bbox 2678 3268 2788 3331; x_wconf 89' lang='lat' dir='ltr'><strong>iter</strong></span> 
     </span>
     <span class='ocr_line' id='line_1_28' title="bbox 453 3373 2786 3459; baseline -0 -23"><span class='ocrx_word' id='word_1_271' title='bbox 453 3384 712 3437; x_wconf 89' lang='lat' dir='ltr'><strong>nostrum</strong></span> <span class='ocrx_word' id='word_1_272' title='bbox 743 3374 1134 3457; x_wconf 86' lang='lat' dir='ltr'><strong>principaliter</strong></span> <span class='ocrx_word' id='word_1_273' title='bbox 1163 3376 1494 3459; x_wconf 78' lang='lat' dir='ltr'><strong>dirigamuS,</strong></span> <span class='ocrx_word' id='word_1_274' title='bbox 1525 3376 1665 3458; x_wconf 88' lang='lat' dir='ltr'><strong>quid</strong></span> <span class='ocrx_word' id='word_1_275' title='bbox 1683 3376 1773 3437; x_wconf 80' lang='lat' dir='ltr'><strong>sit</strong></span> <span class='ocrx_word' id='word_1_276' title='bbox 1801 3376 2050 3458; x_wconf 89' lang='lat' dir='ltr'><strong>epistola</strong></span> <span class='ocrx_word' id='word_1_277' title='bbox 2064 3422 2080 3449; x_wconf 90' lang='lat'>‚</span> <span class='ocrx_word' id='word_1_278' title='bbox 2112 3373 2557 3457; x_wconf 88' lang='lat' dir='ltr'><strong>primordialiter</strong></span> <span class='ocrx_word' id='word_1_279' title='bbox 2586 3383 2786 3436; x_wconf 90' lang='lat' dir='ltr'><strong>atten-</strong></span> 
     </span>
     <span class='ocr_line' id='line_1_29' title="bbox 453 3482 2409 3549; baseline 0.001 -7"><span class='ocrx_word' id='word_1_280' title='bbox 453 3482 666 3543; x_wconf 76' lang='lat' dir='ltr'><strong>dentes,</strong></span> <span class='ocrx_word' id='word_1_281' title='bbox 2404 3546 2409 3549; x_wconf 75' lang='grc'><strong>,</strong></span> 
     </span>
    </p>

    <p class='ocr_par' dir='ltr' id='par_1_7' title="bbox 449 3588 2786 4074">
     <span class='ocr_line' id='line_1_30' title="bbox 629 3588 2780 3670; baseline -0 -20"><span class='ocrx_word' id='word_1_282' title='bbox 629 3590 738 3650; x_wconf 86' lang='lat' dir='ltr'><strong>Est</strong></span> <span class='ocrx_word' id='word_1_283' title='bbox 780 3607 911 3669; x_wconf 92' lang='lat' dir='ltr'><strong>ergo</strong></span> <span class='ocrx_word' id='word_1_284' title='bbox 958 3588 1205 3670; x_wconf 88' lang='lat' dir='ltr'><strong>epistola</strong></span> <span class='ocrx_word' id='word_1_285' title='bbox 1251 3588 1524 3651; x_wconf 87' lang='lat' dir='ltr'><strong>litteralis</strong></span> <span class='ocrx_word' id='word_1_286' title='bbox 1571 3589 1785 3669; x_wconf 91' lang='lat' dir='ltr'><strong>legatio</strong></span> <span class='ocrx_word' id='word_1_287' title='bbox 1833 3590 2188 3651; x_wconf 87' lang='lat' dir='ltr'><strong>diversarum</strong></span> <span class='ocrx_word' id='word_1_288' title='bbox 2236 3588 2509 3670; x_wconf 87' lang='lat' dir='ltr'><strong>partium.</strong></span> <span class='ocrx_word' id='word_1_289' title='bbox 2560 3621 2643 3633; x_wconf 90' lang='lat'><strong>-—-</strong></span> <span class='ocrx_word' id='word_1_290' title='bbox 2699 3622 2780 3633; x_wconf 92' lang='lat'><em>-</em></span> 
     </span>
     <span class='ocr_line' id='line_1_31' title="bbox 452 3693 2786 3777; baseline 0 -22"><span class='ocrx_word' id='word_1_291' title='bbox 452 3694 658 3755; x_wconf 88' lang='lat' dir='ltr'><strong>Partes</strong></span> <span class='ocrx_word' id='word_1_292' title='bbox 687 3703 882 3755; x_wconf 89' lang='lat' dir='ltr'><strong>autem</strong></span> <span class='ocrx_word' id='word_1_293' title='bbox 913 3695 1154 3776; x_wconf 90' lang='lat' dir='ltr'><strong>epistole</strong></span> <span class='ocrx_word' id='word_1_294' title='bbox 1184 3705 1320 3757; x_wconf 89' lang='lat' dir='ltr'><strong>sunt</strong></span> <span class='ocrx_word' id='word_1_295' title='bbox 1349 3696 1618 3777; x_wconf 90' lang='lat' dir='ltr'><strong>quinque,</strong></span> <span class='ocrx_word' id='word_1_296' title='bbox 1648 3714 1686 3755; x_wconf 90' lang='lat' dir='ltr'><strong>a</strong></span> <span class='ocrx_word' id='word_1_297' title='bbox 1715 3694 2005 3757; x_wconf 89' lang='lat' dir='ltr'><strong>veteribus</strong></span> <span class='ocrx_word' id='word_1_298' title='bbox 2048 3693 2290 3756; x_wconf 83' lang='lat' dir='ltr'><strong>diffinite</strong></span> <span class='ocrx_word' id='word_1_299' title='bbox 2304 3741 2320 3768; x_wconf 85' lang='lat'><strong>,</strong></span> <span class='ocrx_word' id='word_1_300' title='bbox 2364 3694 2579 3757; x_wconf 85' lang='lat' dir='ltr'><strong>scilicet</strong></span> <span class='ocrx_word' id='word_1_301' title='bbox 2621 3693 2786 3755; x_wconf 89' lang='lat' dir='ltr'><strong>salu-</strong></span> 
     </span>
     <span class='ocr_line' id='line_1_32' title="bbox 450 3798 2783 3882; baseline -0.001 -21"><span class='ocrx_word' id='word_1_302' title='bbox 450 3798 614 3872; x_wconf 87' lang='lat' dir='ltr'><strong>tatio,</strong></span> <span class='ocrx_word' id='word_1_303' title='bbox 645 3800 942 3862; x_wconf 85' lang='lat' dir='ltr'><strong>exordium</strong></span> <span class='ocrx_word' id='word_1_304' title='bbox 973 3801 1092 3863; x_wconf 90' lang='lat' dir='ltr'><strong>sive</strong></span> <span class='ocrx_word' id='word_1_305' title='bbox 1123 3801 1519 3863; x_wconf 88' lang='lat' dir='ltr'><strong>benevolentie</strong></span> <span class='ocrx_word' id='word_1_306' title='bbox 1549 3800 1824 3882; x_wconf 87' lang='lat' dir='ltr'><strong>captati0,</strong></span> <span class='ocrx_word' id='word_1_307' title='bbox 1856 3799 2125 3874; x_wconf 88' lang='lat' dir='ltr'><strong>narratio,</strong></span> <span class='ocrx_word' id='word_1_308' title='bbox 2156 3798 2360 3879; x_wconf 91' lang='lat' dir='ltr'><strong>petitio</strong></span> <span class='ocrx_word' id='word_1_309' title='bbox 2390 3808 2450 3860; x_wconf 91' lang='lat' dir='ltr'><strong>et</strong></span> <span class='ocrx_word' id='word_1_310' title='bbox 2480 3798 2783 3862; x_wconf 87' lang='lat' dir='ltr'><strong>conclusio.</strong></span> 
     </span>
     <span class='ocr_line' id='line_1_33' title="bbox 451 3904 2786 3988; baseline -0.001 -21"><span class='ocrx_word' id='word_1_311' title='bbox 451 3904 617 3967; x_wconf 89' lang='lat' dir='ltr'><strong>Unde</strong></span> <span class='ocrx_word' id='word_1_312' title='bbox 647 3904 784 3987; x_wconf 91' lang='lat' dir='ltr'><strong>quia</strong></span> <span class='ocrx_word' id='word_1_313' title='bbox 813 3926 851 3967; x_wconf 91' lang='lat' dir='ltr'><strong>a</strong></span> <span class='ocrx_word' id='word_1_314' title='bbox 881 3905 1146 3969; x_wconf 90' lang='lat' dir='ltr'><strong>saluta</strong></span> <span class='ocrx_word' id='word_1_315' title='bbox 1165 3907 1375 3971; x_wconf 87' lang='lat' dir='ltr'><strong>tione</strong></span> <span class='ocrx_word' id='word_1_316' title='bbox 1407 3907 1587 3968; x_wconf 90' lang='lat' dir='ltr'><strong>sumit</strong></span> <span class='ocrx_word' id='word_1_317' title='bbox 1615 3906 1989 3988; x_wconf 90' lang='lat' dir='ltr'><strong>principium,</strong></span> <span class='ocrx_word' id='word_1_318' title='bbox 2021 3904 2465 3987; x_wconf 89' lang='lat' dir='ltr'><strong>primordialiter</strong></span> <span class='ocrx_word' id='word_1_319' title='bbox 2494 3906 2565 3966; x_wconf 88' lang='lat' dir='ltr'><strong>de</strong></span> <span class='ocrx_word' id='word_1_320' title='bbox 2596 3924 2665 3965; x_wconf 90' lang='lat' dir='ltr'><strong>ea</strong></span> <span class='ocrx_word' id='word_1_321' title='bbox 2695 3912 2786 3965; x_wconf 90' lang='lat' dir='ltr'><strong>est</strong></span> 
     </span>
     <span class='ocr_line' id='line_1_34' title="bbox 449 4011 776 4074; baseline 0.003 -2"><span class='ocrx_word' id='word_1_322' title='bbox 449 4011 776 4074; x_wconf 87' lang='lat' dir='ltr'><strong>videndum.</strong></span> 
     </span>
    </p>

    <p class='ocr_par' dir='ltr' id='par_1_8' title="bbox 451 4108 2783 4307">
     <span class='ocr_line' id='line_1_35' title="bbox 627 4108 2783 4203; baseline -0.003 -23"><span class='ocrx_word' id='word_1_323' title='bbox 627 4119 800 4181; x_wconf 90' lang='lat' dir='ltr'><strong>Dicta</strong></span> <span class='ocrx_word' id='word_1_324' title='bbox 830 4128 920 4181; x_wconf 87' lang='lat' dir='ltr'><strong>est</strong></span> <span class='ocrx_word' id='word_1_325' title='bbox 949 4108 1102 4181; x_wconf 85' lang='lat' dir='ltr'><strong>enim</strong></span> <span class='ocrx_word' id='word_1_326' title='bbox 1132 4110 1408 4182; x_wconf 85' lang='lat' dir='ltr'><strong>salutatio</strong></span> <span class='ocrx_word' id='word_1_327' title='bbox 1439 4118 1607 4199; x_wconf 91' lang='lat' dir='ltr'><strong>quasi</strong></span> <span class='ocrx_word' id='word_1_328' title='bbox 1637 4115 1853 4203; x_wconf 24' lang='lat' dir='ltr'><strong>salutis·</strong></span> <span class='ocrx_word' id='word_1_329' title='bbox 1873 4115 2124 4196; x_wconf 89' lang='lat' dir='ltr'><strong>adopti0.</strong></span> <span class='ocrx_word' id='word_1_330' title='bbox 2158 4115 2335 4177; x_wconf 91' lang='lat' dir='ltr'><strong>Illum</strong></span> <span class='ocrx_word' id='word_1_331' title='bbox 2367 4116 2521 4177; x_wconf 91' lang='lat' dir='ltr'><strong>enim</strong></span> <span class='ocrx_word' id='word_1_332' title='bbox 2533 4111 2585 4199; x_wconf 79' lang='lat'><strong>2)</strong></span> <span class='ocrx_word' id='word_1_333' title='bbox 2617 4114 2783 4176; x_wconf 88' lang='lat' dir='ltr'><strong>salu-</strong></span> 
     </span>
     <span class='ocr_line' id='line_1_36' title="bbox 451 4220 2781 4307; baseline -0.002 -23"><span class='ocrx_word' id='word_1_334' title='bbox 451 4233 660 4299; x_wconf 80' lang='lat' dir='ltr'><strong>tamuS,</strong></span> <span class='ocrx_word' id='word_1_335' title='bbox 689 4245 859 4306; x_wconf 90' lang='lat' dir='ltr'><strong>quem</strong></span> <span class='ocrx_word' id='word_1_336' title='bbox 891 4242 1032 4307; x_wconf 90' lang='lat' dir='ltr'><strong>pure</strong></span> <span class='ocrx_word' id='word_1_337' title='bbox 1061 4224 1352 4306; x_wconf 89' lang='lat' dir='ltr'><strong>diligimus</strong></span> <span class='ocrx_word' id='word_1_338' title='bbox 1383 4243 1701 4303; x_wconf 89' lang='lat' dir='ltr'><strong>sanumque</strong></span> <span class='ocrx_word' id='word_1_339' title='bbox 1731 4221 2121 4284; x_wconf 87' lang='lat' dir='ltr'><strong>desideramus</strong></span> <span class='ocrx_word' id='word_1_340' title='bbox 2148 4220 2340 4283; x_wconf 85' lang='lat' dir='ltr'><strong>vivere</strong></span> <span class='ocrx_word' id='word_1_341' title='bbox 2371 4229 2429 4282; x_wconf 91' lang='lat' dir='ltr'><strong>et</strong></span> <span class='ocrx_word' id='word_1_342' title='bbox 2458 4220 2781 4282; x_wconf 89' lang='lat' dir='ltr'><strong>iocundum.</strong></span> 
     </span>
    </p>
   </div>
   <div class='ocr_carea' id='block_1_6' title="bbox 3098 55 3101 1488">
    <p class='ocr_par' dir='ltr' id='par_1_9' title="bbox 3098 55 3101 1488">
     <span class='ocr_line' id='line_1_37' title="bbox 3098 55 3101 1488; baseline 0 0"><span class='ocrx_word' id='word_1_343' title='bbox 3098 55 3101 1488; x_wconf 95' lang='lat' dir='ltr'><strong> </strong></span> 
     </span>
    </p>
   </div>
   <div class='ocr_carea' id='block_1_7' title="bbox 3098 3216 3102 4769">
    <p class='ocr_par' dir='ltr' id='par_1_10' title="bbox 3098 3216 3102 4769">
     <span class='ocr_line' id='line_1_38' title="bbox 3098 3216 3102 4769; baseline 0 0"><span class='ocrx_word' id='word_1_344' title='bbox 3098 3216 3102 4769; x_wconf 95' lang='lat' dir='ltr'><strong> </strong></span> 
     </span>
    </p>
   </div>
  </div>
 </body>
</html>
