<?xml version="1.0" encoding="UTF-8"?>
<!DOCTYPE html PUBLIC "-//W3C//DTD XHTML 1.0 Transitional//EN"
    "http://www.w3.org/TR/xhtml1/DTD/xhtml1-transitional.dtd">
<html xmlns="http://www.w3.org/1999/xhtml" xml:lang="en" lang="en">
 <head>
  <title>
</title>
<meta http-equiv="Content-Type" content="text/html;charset=utf-8" />
  <meta name='ocr-system' content='tesseract 3.04.00' />
  <meta name='ocr-capabilities' content='ocr_page ocr_carea ocr_par ocr_line ocrx_word'/>
</head>
<body>
  <div class='ocr_page' id='page_1' title='image "./sicilischeundpa00empigoog_0016.png"; bbox 0 0 3144 4821; ppageno 0'>
   <div class='ocr_carea' id='block_1_1' title="bbox 275 497 2677 1542">
    <p class='ocr_par' dir='ltr' id='par_1_1' title="bbox 275 497 2677 1542">
     <span class='ocr_line' id='line_1_1' title="bbox 275 497 2660 568; baseline 0.006 -23"><span class='ocrx_word' id='word_1_1' title='bbox 275 533 282 546; x_wconf 86' lang='lat'>.</span> <span class='ocrx_word' id='word_1_2' title='bbox 341 497 648 564; x_wconf 79' lang='lat' dir='ltr'><strong>stechungen</strong></span> <span class='ocrx_word' id='word_1_3' title='bbox 698 512 759 547; x_wconf 86' lang='lat' dir='ltr'><strong>zu</strong></span> <span class='ocrx_word' id='word_1_4' title='bbox 805 501 1068 551; x_wconf 88' lang='lat' dir='ltr'><strong>ermitteln.</strong></span> <span class='ocrx_word' id='word_1_5' title='bbox 1110 531 1169 539; x_wconf 89' lang='lat'><strong>-—</strong></span> <span class='ocrx_word' id='word_1_6' title='bbox 1221 505 1284 564; x_wconf 80' lang='lat'><strong>⁸⁰)</strong></span> <span class='ocrx_word' id='word_1_7' title='bbox 1324 505 1572 568; x_wconf 83' lang='lat' dir='ltr'>recipient,</span> <span class='ocrx_word' id='word_1_8' title='bbox 1611 521 1657 553; x_wconf 88' lang='lat' dir='ltr'><strong>a.</strong></span> <span class='ocrx_word' id='word_1_9' title='bbox 1674 507 1760 554; x_wconf 48' lang='grc' dir='ltr'><strong>ἱ1).</strong></span> <span class='ocrx_word' id='word_1_10' title='bbox 1818 533 1877 542; x_wconf 83' lang='grc'>-</span> <span class='ocrx_word' id='word_1_11' title='bbox 1938 507 2003 566; x_wconf 74' lang='lat'><strong>⁸¹)</strong></span> <span class='ocrx_word' id='word_1_12' title='bbox 2053 508 2463 568; x_wconf 76' lang='lat' dir='ltr'><strong>observabuntur,</strong></span> <span class='ocrx_word' id='word_1_13' title='bbox 2514 526 2557 558; x_wconf 92' lang='lat' dir='ltr'><strong>a.</strong></span> <span class='ocrx_word' id='word_1_14' title='bbox 2605 540 2660 546; x_wconf 82' lang='lat'>—</span> 
     </span>
     <span class='ocr_line' id='line_1_2' title="bbox 345 583 2668 664; baseline 0.005 -29"><span class='ocrx_word' id='word_1_15' title='bbox 345 583 414 650; x_wconf 68' lang='grc'><strong>82)</strong></span> <span class='ocrx_word' id='word_1_16' title='bbox 451 587 588 637; x_wconf 89' lang='lat' dir='ltr'><strong>obcio</strong></span> <span class='ocrx_word' id='word_1_17' title='bbox 625 603 671 637; x_wconf 87' lang='lat' dir='ltr'><strong>a.</strong></span> <span class='ocrx_word' id='word_1_18' title='bbox 729 589 850 656; x_wconf 83' lang='lat' dir='ltr'><strong>Vg-l.</strong></span> <span class='ocrx_word' id='word_1_19' title='bbox 889 596 1040 640; x_wconf 87' lang='lat' dir='ltr'><strong>const.</strong></span> <span class='ocrx_word' id='word_1_20' title='bbox 1078 589 1144 648; x_wconf 91' lang='grc' dir='ltr'><strong>Π,</strong></span> <span class='ocrx_word' id='word_1_21' title='bbox 1180 587 1267 640; x_wconf 84' lang='lat'><strong>46.</strong></span> <span class='ocrx_word' id='word_1_22' title='bbox 1300 620 1368 628; x_wconf 93' lang='lat'>—</span> <span class='ocrx_word' id='word_1_23' title='bbox 1409 590 1477 659; x_wconf 76' lang='lat'><strong>⁸³)</strong></span> <span class='ocrx_word' id='word_1_24' title='bbox 1512 606 1684 642; x_wconf 88' lang='lat' dir='ltr'><strong>verum</strong></span> <span class='ocrx_word' id='word_1_25' title='bbox 1721 593 1859 642; x_wconf 90' lang='lat' dir='ltr'><strong>velut</strong></span> <span class='ocrx_word' id='word_1_26' title='bbox 1893 607 2023 654; x_wconf 89' lang='lat' dir='ltr'><strong>eum,</strong></span> <span class='ocrx_word' id='word_1_27' title='bbox 2060 611 2106 644; x_wconf 90' lang='lat' dir='ltr'><strong>a.</strong></span> <span class='ocrx_word' id='word_1_28' title='bbox 2146 623 2214 632; x_wconf 86' lang='lat'><strong>-—</strong></span> <span class='ocrx_word' id='word_1_29' title='bbox 2256 595 2323 664; x_wconf 77' lang='lat'><strong>³4)</strong></span> <span class='ocrx_word' id='word_1_30' title='bbox 2361 598 2668 662; x_wconf 78' lang='lat' dir='ltr'>procedente,</span> 
     </span>
     <span class='ocr_line' id='line_1_3' title="bbox 339 672 2667 750; baseline 0.005 -27"><span class='ocrx_word' id='word_1_31' title='bbox 339 675 388 724; x_wconf 90' lang='lat' dir='ltr'><strong>b.</strong></span> <span class='ocrx_word' id='word_1_32' title='bbox 430 705 492 714; x_wconf 87' lang='lat'><strong>--</strong></span> <span class='ocrx_word' id='word_1_33' title='bbox 529 672 597 742; x_wconf 81' lang='lat'><strong>⁸⁵)</strong></span> <span class='ocrx_word' id='word_1_34' title='bbox 629 677 757 727; x_wconf 86' lang='lat' dir='ltr'><strong>Item</strong></span> <span class='ocrx_word' id='word_1_35' title='bbox 794 679 855 727; x_wconf 90' lang='lat' dir='ltr'><strong>de</strong></span> <span class='ocrx_word' id='word_1_36' title='bbox 890 679 1041 729; x_wconf 87' lang='lat' dir='ltr'><strong>livore</strong></span> <span class='ocrx_word' id='word_1_37' title='bbox 1090 695 1188 729; x_wconf 90' lang='lat' dir='ltr'><strong>non</strong></span> <span class='ocrx_word' id='word_1_38' title='bbox 1235 681 1484 743; x_wconf 88' lang='lat' dir='ltr'><strong>probantis</strong></span> <span class='ocrx_word' id='word_1_39' title='bbox 1534 681 1819 730; x_wconf 87' lang='lat' dir='ltr'><strong>dilationem</strong></span> <span class='ocrx_word' id='word_1_40' title='bbox 1869 682 1949 744; x_wconf 79' lang='lat' dir='ltr'><strong>vel</strong></span> <span class='ocrx_word' id='word_1_41' title='bbox 2002 683 2215 733; x_wconf 90' lang='lat' dir='ltr'><strong>evidenti</strong></span> <span class='ocrx_word' id='word_1_42' title='bbox 2264 685 2549 750; x_wconf 77' lang='lat' dir='ltr'><strong>calumpnia</strong></span> <span class='ocrx_word' id='word_1_43' title='bbox 2596 688 2667 734; x_wconf 91' lang='lat' dir='ltr'><strong>iu-</strong></span> 
     </span>
     <span class='ocr_line' id='line_1_4' title="bbox 338 763 2669 834; baseline 0.004 -21"><span class='ocrx_word' id='word_1_44' title='bbox 338 764 564 822; x_wconf 79' lang='lat' dir='ltr'><strong>dicantis,</strong></span> <span class='ocrx_word' id='word_1_45' title='bbox 602 767 651 815; x_wconf 92' lang='lat' dir='ltr'><strong>b.</strong></span> <span class='ocrx_word' id='word_1_46' title='bbox 692 763 753 806; x_wconf 57' lang='lat' dir='ltr'><strong>-l</strong></span> <span class='ocrx_word' id='word_1_47' title='bbox 801 767 868 828; x_wconf 75' lang='grc'><strong>38)</strong></span> <span class='ocrx_word' id='word_1_48' title='bbox 904 768 1004 834; x_wconf 80' lang='lat' dir='ltr'><strong>vgl.</strong></span> <span class='ocrx_word' id='word_1_49' title='bbox 1043 775 1196 818; x_wconf 88' lang='lat' dir='ltr'><strong>const.</strong></span> <span class='ocrx_word' id='word_1_50' title='bbox 1233 767 1299 824; x_wconf 87' lang='grc' dir='ltr'><strong>ΙΙ,</strong></span> <span class='ocrx_word' id='word_1_51' title='bbox 1342 765 1422 816; x_wconf 88' lang='lat'><strong>14.</strong></span> <span class='ocrx_word' id='word_1_52' title='bbox 1466 797 1528 804; x_wconf 93' lang='lat'>—</span> <span class='ocrx_word' id='word_1_53' title='bbox 1572 770 1639 828; x_wconf 80' lang='lat'><strong>³⁷)</strong></span> <span class='ocrx_word' id='word_1_54' title='bbox 1676 775 1807 826; x_wconf 90' lang='lat' dir='ltr'><strong>ante,</strong></span> <span class='ocrx_word' id='word_1_55' title='bbox 1844 771 1893 818; x_wconf 88' lang='lat' dir='ltr'><strong>b.</strong></span> <span class='ocrx_word' id='word_1_56' title='bbox 1936 799 1997 807; x_wconf 84' lang='lat'><strong>—-</strong></span> <span class='ocrx_word' id='word_1_57' title='bbox 2042 772 2107 833; x_wconf 76' lang='lat'><strong>⁸⁸)</strong></span> <span class='ocrx_word' id='word_1_58' title='bbox 2158 788 2327 831; x_wconf 85' lang='lat' dir='ltr'><strong>unam,</strong></span> <span class='ocrx_word' id='word_1_59' title='bbox 2366 775 2413 822; x_wconf 92' lang='lat' dir='ltr'><strong>b.</strong></span> <span class='ocrx_word' id='word_1_60' title='bbox 2486 773 2561 822; x_wconf 91' lang='lat' dir='ltr'><strong>Zu</strong></span> <span class='ocrx_word' id='word_1_61' title='bbox 2598 789 2669 823; x_wconf 87' lang='lat' dir='ltr'><strong>er·</strong></span> 
     </span>
     <span class='ocr_line' id='line_1_5' title="bbox 293 855 2669 926; baseline 0.003 -23"><span class='ocrx_word' id='word_1_62' title='bbox 293 881 304 889; x_wconf 78' lang='lat'>=</span> <span class='ocrx_word' id='word_1_63' title='bbox 340 859 532 919; x_wconf 62' lang='lat' dir='ltr'><strong>gamen</strong></span> <span class='ocrx_word' id='word_1_64' title='bbox 565 855 634 906; x_wconf 83' lang='lat' dir='ltr'><strong>ist</strong></span> <span class='ocrx_word' id='word_1_65' title='bbox 666 856 938 907; x_wconf 82' lang='lat' dir='ltr'><strong>denarium.</strong></span> <span class='ocrx_word' id='word_1_66' title='bbox 976 857 1098 923; x_wconf 64' lang='lat' dir='ltr'><strong>Vgl·</strong></span> <span class='ocrx_word' id='word_1_67' title='bbox 1143 871 1245 906; x_wconf 90' lang='lat' dir='ltr'><strong>exc.</strong></span> <span class='ocrx_word' id='word_1_68' title='bbox 1294 855 1448 906; x_wconf 76' lang='lat' dir='ltr'><strong>MasS.</strong></span> <span class='ocrx_word' id='word_1_69' title='bbox 1477 872 1553 907; x_wconf 85' lang='lat' dir='ltr'><strong>nr.</strong></span> <span class='ocrx_word' id='word_1_70' title='bbox 1584 855 1705 915; x_wconf 84' lang='lat'><strong>210,</strong></span> <span class='ocrx_word' id='word_1_71' title='bbox 1752 859 1883 908; x_wconf 80' lang='lat' dir='ltr'><strong>Acta</strong></span> <span class='ocrx_word' id='word_1_72' title='bbox 1928 873 2003 908; x_wconf 89' lang='lat' dir='ltr'><strong>nr.</strong></span> <span class='ocrx_word' id='word_1_73' title='bbox 2055 855 2188 910; x_wconf 78' lang='lat'>932:</span> <span class='ocrx_word' id='word_1_74' title='bbox 2237 859 2375 909; x_wconf 82' lang='lat'>1248</span> <span class='ocrx_word' id='word_1_75' title='bbox 2423 863 2550 926; x_wconf 83' lang='lat' dir='ltr'><strong>april</strong></span> <span class='ocrx_word' id='word_1_76' title='bbox 2584 861 2669 920; x_wconf 85' lang='lat'><strong>24,</strong></span> 
     </span>
     <span class='ocr_line' id='line_1_6' title="bbox 339 944 2673 1017; baseline 0.003 -25"><span class='ocrx_word' id='word_1_77' title='bbox 339 944 546 993; x_wconf 77' lang='lat' dir='ltr'><strong>wonach</strong></span> <span class='ocrx_word' id='word_1_78' title='bbox 582 944 740 994; x_wconf 80' lang='lat' dir='ltr'><strong>dieser</strong></span> <span class='ocrx_word' id='word_1_79' title='bbox 774 951 878 996; x_wconf 78' lang='lat' dir='ltr'><strong>satz</strong></span> <span class='ocrx_word' id='word_1_80' title='bbox 900 945 1032 997; x_wconf 80' lang='lat' dir='ltr'><strong>auch</strong></span> <span class='ocrx_word' id='word_1_81' title='bbox 1053 946 1137 995; x_wconf 82' lang='lat' dir='ltr'><strong>fiir</strong></span> <span class='ocrx_word' id='word_1_82' title='bbox 1167 945 1244 994; x_wconf 89' lang='lat' dir='ltr'><strong>die</strong></span> <span class='ocrx_word' id='word_1_83' title='bbox 1280 952 1450 995; x_wconf 86' lang='lat' dir='ltr'><strong>notare</strong></span> <span class='ocrx_word' id='word_1_84' title='bbox 1479 947 1536 995; x_wconf 87' lang='lat' dir='ltr'><strong>in·</strong></span> <span class='ocrx_word' id='word_1_85' title='bbox 1567 946 1663 995; x_wconf 89' lang='lat' dir='ltr'><strong>den</strong></span> <span class='ocrx_word' id='word_1_86' title='bbox 1705 948 1966 1010; x_wconf 83' lang='lat' dir='ltr'><strong>provinzen</strong></span> <span class='ocrx_word' id='word_1_87' title='bbox 2002 949 2124 1012; x_wconf 85' lang='lat' dir='ltr'><strong>galt,</strong></span> <span class='ocrx_word' id='word_1_88' title='bbox 2164 949 2283 998; x_wconf 90' lang='lat' dir='ltr'><strong>aber</strong></span> <span class='ocrx_word' id='word_1_89' title='bbox 2331 950 2405 1000; x_wconf 88' lang='lat' dir='ltr'><strong>als</strong></span> <span class='ocrx_word' id='word_1_90' title='bbox 2449 955 2673 1017; x_wconf 84' lang='lat' dir='ltr'><strong>ungenii-</strong></span> 
     </span>
     <span class='ocr_line' id='line_1_7' title="bbox 344 1020 2665 1102; baseline 0.003 -22"><span class='ocrx_word' id='word_1_91' title='bbox 344 1033 475 1098; x_wconf 80' lang='lat' dir='ltr'><strong>gend</strong></span> <span class='ocrx_word' id='word_1_92' title='bbox 509 1032 684 1083; x_wconf 68' lang='lat' dir='ltr'><strong>erhoht</strong></span> <span class='ocrx_word' id='word_1_93' title='bbox 721 1033 918 1088; x_wconf 71' lang='lat' dir='ltr'><strong>werden</strong></span> <span class='ocrx_word' id='word_1_94' title='bbox 953 1040 1156 1091; x_wconf 74' lang='lat' dir='ltr'><strong>mnsste.</strong></span> <span class='ocrx_word' id='word_1_95' title='bbox 1205 1062 1264 1070; x_wconf 87' lang='lat'><strong>—-</strong></span> <span class='ocrx_word' id='word_1_96' title='bbox 1321 1034 1386 1094; x_wconf 78' lang='lat'><strong>³⁹)</strong></span> <span class='ocrx_word' id='word_1_97' title='bbox 1430 1035 1564 1084; x_wconf 88' lang='lat' dir='ltr'><strong>curie</strong></span> <span class='ocrx_word' id='word_1_98' title='bbox 1605 1033 1735 1084; x_wconf 76' lang='lat' dir='ltr'><strong>-fehlt</strong></span> <span class='ocrx_word' id='word_1_99' title='bbox 1772 1035 1819 1083; x_wconf 88' lang='lat' dir='ltr'><strong>b.</strong></span> <span class='ocrx_word' id='word_1_100' title='bbox 1862 1063 1925 1076; x_wconf 87' lang='lat'><strong>--</strong></span> <span class='ocrx_word' id='word_1_101' title='bbox 1968 1037 2033 1096; x_wconf 82' lang='grc'><strong>40)</strong></span> <span class='ocrx_word' id='word_1_102' title='bbox 2071 1037 2169 1102; x_wconf 85' lang='lat' dir='ltr'><strong>vgl.</strong></span> <span class='ocrx_word' id='word_1_103' title='bbox 2209 1020 2365 1088; x_wconf 50' lang='lat' dir='ltr'><strong>comte</strong></span> <span class='ocrx_word' id='word_1_104' title='bbox 2399 1039 2441 1098; x_wconf 90' lang='lat' dir='ltr'><strong>I,</strong></span> <span class='ocrx_word' id='word_1_105' title='bbox 2477 1035 2564 1088; x_wconf 84' lang='lat'><strong>84.</strong></span> <span class='ocrx_word' id='word_1_106' title='bbox 2610 1068 2665 1077; x_wconf 91' lang='lat'><em>-</em></span> 
     </span>
     <span class='ocr_line' id='line_1_8' title="bbox 345 1103 2673 1196; baseline 0.003 -26"><span class='ocrx_word' id='word_1_107' title='bbox 345 1113 412 1182; x_wconf 79' lang='lat'><strong>4¹)</strong></span> <span class='ocrx_word' id='word_1_108' title='bbox 449 1122 592 1178; x_wconf 86' lang='lat' dir='ltr'><strong>sicut,</strong></span> <span class='ocrx_word' id='word_1_109' title='bbox 629 1137 675 1170; x_wconf 89' lang='lat' dir='ltr'><strong>a.</strong></span> <span class='ocrx_word' id='word_1_110' title='bbox 732 1151 793 1159; x_wconf 87' lang='lat'><em>-</em></span> <span class='ocrx_word' id='word_1_111' title='bbox 846 1119 916 1189; x_wconf 77' lang='lat'><strong>4²)</strong></span> <span class='ocrx_word' id='word_1_112' title='bbox 971 1123 1116 1172; x_wconf 86' lang='lat' dir='ltr'><strong>solar.</strong></span> <span class='ocrx_word' id='word_1_113' title='bbox 1132 1157 1148 1180; x_wconf 92' lang='lat'><strong>,</strong></span> <span class='ocrx_word' id='word_1_114' title='bbox 1203 1122 1459 1172; x_wconf 83' lang='lat' dir='ltr'><strong>weiterhin</strong></span> <span class='ocrx_word' id='word_1_115' title='bbox 1481 1181 1486 1184; x_wconf 19' lang='lat'>²</span> <span class='ocrx_word' id='word_1_116' title='bbox 1507 1122 1653 1172; x_wconf 84' lang='lat' dir='ltr'><strong>salar.</strong></span> <span class='ocrx_word' id='word_1_117' title='bbox 1706 1139 1751 1171; x_wconf 86' lang='lat' dir='ltr'><strong>a.</strong></span> <span class='ocrx_word' id='word_1_118' title='bbox 1800 1103 1858 1160; x_wconf 42' lang='lat'><strong>‘—</strong></span> <span class='ocrx_word' id='word_1_119' title='bbox 1903 1125 1971 1184; x_wconf 70' lang='grc'><strong>48)</strong></span> <span class='ocrx_word' id='word_1_120' title='bbox 2009 1130 2103 1190; x_wconf 56' lang='lat' dir='ltr'><strong>est⁸</strong></span> <span class='ocrx_word' id='word_1_121' title='bbox 2122 1125 2249 1176; x_wconf 81' lang='lat' dir='ltr'><strong>fehlt</strong></span> <span class='ocrx_word' id='word_1_122' title='bbox 2285 1142 2331 1175; x_wconf 81' lang='lat' dir='ltr'><strong>a.</strong></span> <span class='ocrx_word' id='word_1_123' title='bbox 2387 1156 2449 1165; x_wconf 89' lang='lat'>—</span> <span class='ocrx_word' id='word_1_124' title='bbox 2506 1127 2575 1196; x_wconf 93' lang='grc'><strong>44)</strong></span> <span class='ocrx_word' id='word_1_125' title='bbox 2622 1130 2673 1191; x_wconf 37' lang='grc' dir='ltr'><strong>,εἰ</strong></span> 
     </span>
     <span class='ocr_line' id='line_1_9' title="bbox 341 1209 2668 1284; baseline 0.002 -24"><span class='ocrx_word' id='word_1_126' title='bbox 341 1210 467 1284; x_wconf 87' lang='lat' dir='ltr'><strong>fehlt</strong></span> <span class='ocrx_word' id='word_1_127' title='bbox 502 1226 548 1260; x_wconf 86' lang='lat' dir='ltr'><strong>a.</strong></span> <span class='ocrx_word' id='word_1_128' title='bbox 592 1237 654 1246; x_wconf 92' lang='lat'>—</span> <span class='ocrx_word' id='word_1_129' title='bbox 696 1211 763 1270; x_wconf 78' lang='lat'><strong>⁴⁵)</strong></span> <span class='ocrx_word' id='word_1_130' title='bbox 801 1211 1041 1274; x_wconf 89' lang='lat' dir='ltr'><strong>quomodo</strong></span> <span class='ocrx_word' id='word_1_131' title='bbox 1092 1213 1140 1260; x_wconf 85' lang='lat' dir='ltr'><strong>b.</strong></span> <span class='ocrx_word' id='word_1_132' title='bbox 1200 1239 1260 1248; x_wconf 88' lang='lat'><strong>--</strong></span> <span class='ocrx_word' id='word_1_133' title='bbox 1318 1209 1386 1278; x_wconf 63' lang='grc' dir='ltr'><strong>4θ)</strong></span> <span class='ocrx_word' id='word_1_134' title='bbox 1437 1212 1780 1269; x_wconf 81' lang='lat' dir='ltr'><strong>terminentur,</strong></span> <span class='ocrx_word' id='word_1_135' title='bbox 1817 1228 1865 1261; x_wconf 80' lang='lat' dir='ltr'><strong>a.</strong></span> <span class='ocrx_word' id='word_1_136' title='bbox 1901 1213 1949 1263; x_wconf 93' lang='lat' dir='ltr'><strong>b.</strong></span> <span class='ocrx_word' id='word_1_137' title='bbox 2019 1213 2145 1281; x_wconf 28' lang='lat' dir='ltr'><strong>,Vglt</strong></span> <span class='ocrx_word' id='word_1_138' title='bbox 2184 1219 2336 1264; x_wconf 83' lang='lat' dir='ltr'><strong>const.</strong></span> <span class='ocrx_word' id='word_1_139' title='bbox 2386 1213 2428 1272; x_wconf 86' lang='grc' dir='ltr'><strong>Ι,</strong></span> <span class='ocrx_word' id='word_1_140' title='bbox 2477 1212 2563 1265; x_wconf 82' lang='grc'><strong>85.</strong></span> <span class='ocrx_word' id='word_1_141' title='bbox 2606 1245 2668 1254; x_wconf 89' lang='grc'>-</span> 
     </span>
     <span class='ocr_line' id='line_1_10' title="bbox 345 1295 2675 1369; baseline 0.002 -21"><span class='ocrx_word' id='word_1_142' title='bbox 345 1295 414 1365; x_wconf 67' lang='grc'><strong>47)</strong></span> <span class='ocrx_word' id='word_1_143' title='bbox 451 1313 504 1348; x_wconf 84' lang='lat' dir='ltr'><strong>so</strong></span> <span class='ocrx_word' id='word_1_144' title='bbox 541 1313 587 1347; x_wconf 87' lang='lat' dir='ltr'><strong>a.</strong></span> <span class='ocrx_word' id='word_1_145' title='bbox 625 1298 704 1356; x_wconf 80' lang='lat' dir='ltr'><strong>b.;</strong></span> <span class='ocrx_word' id='word_1_146' title='bbox 755 1299 843 1349; x_wconf 83' lang='lat' dir='ltr'><strong>ob:</strong></span> <span class='ocrx_word' id='word_1_147' title='bbox 895 1297 1038 1361; x_wconf 79' lang='lat' dir='ltr'><strong>[loco]</strong></span> <span class='ocrx_word' id='word_1_148' title='bbox 1091 1314 1225 1367; x_wconf 82' lang='lat' dir='ltr'><strong>mag.</strong></span> <span class='ocrx_word' id='word_1_149' title='bbox 1281 1297 1429 1350; x_wconf 84' lang='lat' dir='ltr'><strong>iust.?</strong></span> <span class='ocrx_word' id='word_1_150' title='bbox 1482 1295 1538 1348; x_wconf 86' lang='lat' dir='ltr'><strong>F&#39;.</strong></span> <span class='ocrx_word' id='word_1_151' title='bbox 1592 1329 1651 1336; x_wconf 90' lang='lat'><em>-</em></span> <span class='ocrx_word' id='word_1_152' title='bbox 1712 1296 1781 1367; x_wconf 78' lang='lat'><strong>⁴⁸)</strong></span> <span class='ocrx_word' id='word_1_153' title='bbox 1832 1300 2047 1364; x_wconf 88' lang='lat' dir='ltr'><strong>quidem,</strong></span> <span class='ocrx_word' id='word_1_154' title='bbox 2097 1301 2145 1352; x_wconf 89' lang='lat' dir='ltr'><strong>b.</strong></span> <span class='ocrx_word' id='word_1_155' title='bbox 2204 1331 2267 1340; x_wconf 92' lang='lat'><em>-</em></span> <span class='ocrx_word' id='word_1_156' title='bbox 2326 1300 2395 1369; x_wconf 80' lang='lat'><strong>⁴⁹)</strong></span> <span class='ocrx_word' id='word_1_157' title='bbox 2450 1303 2675 1354; x_wconf 83' lang='lat' dir='ltr'><strong>advocati</strong></span> 
     </span>
     <span class='ocr_line' id='line_1_11' title="bbox 338 1375 2677 1456; baseline 0.003 -20"><span class='ocrx_word' id='word_1_158' title='bbox 338 1387 468 1437; x_wconf 73' lang='lat' dir='ltr'><strong>reiut</strong></span> <span class='ocrx_word' id='word_1_159' title='bbox 519 1387 568 1436; x_wconf 87' lang='lat' dir='ltr'><strong>b.</strong></span> <span class='ocrx_word' id='word_1_160' title='bbox 612 1415 668 1425; x_wconf 90' lang='lat'><em>-</em></span> <span class='ocrx_word' id='word_1_161' title='bbox 716 1389 781 1448; x_wconf 79' lang='lat'><strong>⁵0)</strong></span> <span class='ocrx_word' id='word_1_162' title='bbox 818 1387 1111 1445; x_wconf 73' lang='lat' dir='ltr'><strong>tractabant,</strong></span> <span class='ocrx_word' id='word_1_163' title='bbox 1147 1399 1194 1437; x_wconf 60' lang='lat' dir='ltr'><strong>a,</strong></span> <span class='ocrx_word' id='word_1_164' title='bbox 1231 1415 1300 1424; x_wconf 88' lang='lat'>-</span> <span class='ocrx_word' id='word_1_165' title='bbox 1341 1387 1410 1454; x_wconf 79' lang='lat'><strong>⁶¹)</strong></span> <span class='ocrx_word' id='word_1_166' title='bbox 1447 1387 1498 1436; x_wconf 80' lang='lat' dir='ltr'><strong>b.</strong></span> <span class='ocrx_word' id='word_1_167' title='bbox 1535 1388 1651 1454; x_wconf 62' lang='lat' dir='ltr'><strong>faga</strong></span> <span class='ocrx_word' id='word_1_168' title='bbox 1684 1387 1865 1438; x_wconf 75' lang='lat' dir='ltr'><strong>hinzu:</strong></span> <span class='ocrx_word' id='word_1_169' title='bbox 1918 1388 2143 1448; x_wconf 78' lang='lat' dir='ltr'><strong>,Datum</strong></span> <span class='ocrx_word' id='word_1_170' title='bbox 2180 1375 2393 1456; x_wconf 72' lang='lat' dir='ltr'><strong>Ne&#39;apofl</strong></span> <span class='ocrx_word' id='word_1_171' title='bbox 2446 1405 2534 1456; x_wconf 76' lang='lat' dir='ltr'><strong>per</strong></span> <span class='ocrx_word' id='word_1_172' title='bbox 2568 1407 2677 1454; x_wconf 59' lang='lat' dir='ltr'><strong>ma-</strong></span> 
     </span>
     <span class='ocr_line' id='line_1_12' title="bbox 341 1473 2566 1542; baseline 0.001 -16"><span class='ocrx_word' id='word_1_173' title='bbox 341 1476 549 1542; x_wconf 76' lang='lat' dir='ltr'><strong>gistrum</strong></span> <span class='ocrx_word' id='word_1_174' title='bbox 584 1474 645 1524; x_wconf 93' lang='lat' dir='ltr'><strong>P.</strong></span> <span class='ocrx_word' id='word_1_175' title='bbox 669 1476 744 1525; x_wconf 80' lang='lat' dir='ltr'><strong>-de</strong></span> <span class='ocrx_word' id='word_1_176' title='bbox 767 1475 942 1526; x_wconf 80' lang='lat' dir='ltr'><strong>Vincis</strong></span> <span class='ocrx_word' id='word_1_177' title='bbox 965 1477 1106 1542; x_wconf 77' lang='lat' dir='ltr'><strong>regni</strong></span> <span class='ocrx_word' id='word_1_178' title='bbox 1141 1473 1308 1526; x_wconf 79' lang='lat' dir='ltr'><strong>Sicilie</strong></span> <span class='ocrx_word' id='word_1_179' title='bbox 1342 1475 1765 1540; x_wconf 84' lang='lat' dir='ltr'><strong>prothonotarium</strong></span> <span class='ocrx_word' id='word_1_180' title='bbox 1788 1482 1931 1528; x_wconf 42' lang='lat' dir='ltr'><strong>‘anno</strong></span> <span class='ocrx_word' id='word_1_181' title='bbox 1968 1477 2155 1528; x_wconf 85' lang='lat' dir='ltr'><strong>domini</strong></span> <span class='ocrx_word' id='word_1_182' title='bbox 2192 1485 2285 1530; x_wconf 88' lang='lat' dir='ltr'><strong>etc.</strong></span> <span class='ocrx_word' id='word_1_183' title='bbox 2322 1479 2403 1528; x_wconf 83' lang='lat' dir='ltr'><strong>die</strong></span> <span class='ocrx_word' id='word_1_184' title='bbox 2438 1486 2530 1529; x_wconf 74' lang='lat' dir='ltr'><strong>etc.</strong></span> <span class='ocrx_word' id='word_1_185' title='bbox 2544 1486 2566 1510; x_wconf 70' lang='lat'><strong>¹²</strong></span> 
     </span>
    </p>
   </div>
   <div class='ocr_carea' id='block_1_2' title="bbox 593 1602 2415 1808">
    <p class='ocr_par' dir='ltr' id='par_1_2' title="bbox 593 1602 2415 1808">
     <span class='ocr_line' id='line_1_13' title="bbox 1451 1602 1562 1664; baseline 0.018 -2"><span class='ocrx_word' id='word_1_186' title='bbox 1451 1602 1562 1664; x_wconf 72' lang='grc' dir='ltr'><strong>ΙΙΙ.</strong></span> 
     </span>
     <span class='ocr_line' id='line_1_14' title="bbox 593 1714 2415 1808; baseline 0.002 -22"><span class='ocrx_word' id='word_1_187' title='bbox 593 1725 808 1787; x_wconf 85' lang='lat' dir='ltr'><strong>Forma</strong></span> <span class='ocrx_word' id='word_1_188' title='bbox 835 1714 1141 1786; x_wconf 84' lang='lat' dir='ltr'><strong>iuramenti</strong></span> <span class='ocrx_word' id='word_1_189' title='bbox 1171 1723 1625 1787; x_wconf 77' lang='lat' dir='ltr'><strong>consiliariorum</strong></span> <span class='ocrx_word' id='word_1_190' title='bbox 1654 1727 1967 1787; x_wconf 88' lang='lat' dir='ltr'><strong>secundum</strong></span> <span class='ocrx_word' id='word_1_191' title='bbox 1995 1715 2415 1808; x_wconf 78' lang='lat' dir='ltr'><strong>imperatorem.</strong></span> 
     </span>
    </p>
   </div>
   <div class='ocr_carea' id='block_1_3' title="bbox 342 1858 2691 2909">
    <p class='ocr_par' dir='ltr' id='par_1_3' title="bbox 342 1858 2691 2909">
     <span class='ocr_line' id='line_1_15' title="bbox 516 1858 2674 1948; baseline 0.001 -20"><span class='ocrx_word' id='word_1_192' title='bbox 516 1868 644 1948; x_wconf 88' lang='lat' dir='ltr'><strong>Ego</strong></span> <span class='ocrx_word' id='word_1_193' title='bbox 671 1875 776 1929; x_wconf 88' lang='lat' dir='ltr'><strong>etc.</strong></span> <span class='ocrx_word' id='word_1_194' title='bbox 807 1867 948 1940; x_wconf 82' lang='lat' dir='ltr'><strong>iure,</strong></span> <span class='ocrx_word' id='word_1_195' title='bbox 979 1868 1133 1948; x_wconf 87' lang='lat' dir='ltr'><strong>quod</strong></span> <span class='ocrx_word' id='word_1_196' title='bbox 1161 1864 1340 1928; x_wconf 88' lang='lat' dir='ltr'><strong>nichil</strong></span> <span class='ocrx_word' id='word_1_197' title='bbox 1369 1883 1472 1947; x_wconf 90' lang='lat' dir='ltr'><strong>per</strong></span> <span class='ocrx_word' id='word_1_198' title='bbox 1503 1885 1596 1927; x_wconf 90' lang='lat' dir='ltr'><strong>me</strong></span> <span class='ocrx_word' id='word_1_199' title='bbox 1624 1867 1721 1927; x_wconf 92' lang='lat' dir='ltr'><strong>vel</strong></span> <span class='ocrx_word' id='word_1_200' title='bbox 1752 1884 1853 1946; x_wconf 90' lang='lat' dir='ltr'><strong>per</strong></span> <span class='ocrx_word' id='word_1_201' title='bbox 1882 1865 2065 1931; x_wconf 88' lang='lat' dir='ltr'><strong>alium</strong></span> <span class='ocrx_word' id='word_1_202' title='bbox 2086 1858 2445 1931; x_wconf 71' lang='lat' dir='ltr'><strong>manualiter</strong></span> <span class='ocrx_word' id='word_1_203' title='bbox 2482 1889 2586 1932; x_wconf 89' lang='lat' dir='ltr'><strong>nec</strong></span> <span class='ocrx_word' id='word_1_204' title='bbox 2613 1867 2674 1930; x_wconf 90' lang='lat' dir='ltr'><strong>in</strong></span> 
     </span>
     <span class='ocr_line' id='line_1_16' title="bbox 343 1958 2681 2055; baseline 0.001 -21"><span class='ocrx_word' id='word_1_205' title='bbox 343 1961 622 2054; x_wconf 86' lang='lat' dir='ltr'><strong>promisso</strong></span> <span class='ocrx_word' id='word_1_206' title='bbox 665 1971 938 2055; x_wconf 87' lang='lat' dir='ltr'><strong>recipiam</strong></span> <span class='ocrx_word' id='word_1_207' title='bbox 967 1973 1026 2034; x_wconf 90' lang='lat' dir='ltr'><strong>in</strong></span> <span class='ocrx_word' id='word_1_208' title='bbox 1057 1973 1215 2037; x_wconf 88' lang='lat' dir='ltr'><strong>curia</strong></span> <span class='ocrx_word' id='word_1_209' title='bbox 1242 1973 1339 2033; x_wconf 90' lang='lat' dir='ltr'><strong>vel</strong></span> <span class='ocrx_word' id='word_1_210' title='bbox 1369 1980 1536 2034; x_wconf 84' lang='lat' dir='ltr'><strong>extra</strong></span> <span class='ocrx_word' id='word_1_211' title='bbox 1564 1970 1785 2034; x_wconf 88' lang='lat' dir='ltr'><strong>curiam</strong></span> <span class='ocrx_word' id='word_1_212' title='bbox 1812 1971 1872 2032; x_wconf 88' lang='lat' dir='ltr'><strong>in</strong></span> <span class='ocrx_word' id='word_1_213' title='bbox 1888 1971 2193 2053; x_wconf 70' lang='lat' dir='ltr'><strong>„legacione</strong></span> <span class='ocrx_word' id='word_1_214' title='bbox 2222 1958 2566 2042; x_wconf 83' lang='lat' dir='ltr'><strong>constitutus</strong></span> <span class='ocrx_word' id='word_1_215' title='bbox 2596 1977 2681 2048; x_wconf 78' lang='lat' dir='ltr'><strong>ab¹</strong></span> 
     </span>
     <span class='ocr_line' id='line_1_17' title="bbox 343 2070 2675 2168; baseline 0 -28"><span class='ocrx_word' id='word_1_216' title='bbox 343 2078 636 2161; x_wconf 83' lang='lat' dir='ltr'><strong>aliquibus</strong></span> <span class='ocrx_word' id='word_1_217' title='bbox 649 2070 672 2154; x_wconf 56' lang='lat'><strong>,&#39;</strong></span> <span class='ocrx_word' id='word_1_218' title='bbox 714 2079 814 2162; x_wconf 87' lang='lat' dir='ltr'><strong>qui</strong></span> <span class='ocrx_word' id='word_1_219' title='bbox 857 2078 1280 2161; x_wconf 87' lang='lat' dir='ltr'><strong>qualiacunque</strong></span> <span class='ocrx_word' id='word_1_220' title='bbox 1328 2077 1561 2159; x_wconf 86' lang='lat' dir='ltr'><strong>negocia</strong></span> <span class='ocrx_word' id='word_1_221' title='bbox 1603 2078 1697 2140; x_wconf 90' lang='lat' dir='ltr'><strong>vel</strong></span> <span class='ocrx_word' id='word_1_222' title='bbox 1729 2097 1934 2142; x_wconf 83' lang='lat' dir='ltr'><strong>causas</strong></span> <span class='ocrx_word' id='word_1_223' title='bbox 1963 2077 2022 2140; x_wconf 90' lang='lat' dir='ltr'><strong>in</strong></span> <span class='ocrx_word' id='word_1_224' title='bbox 2051 2079 2211 2142; x_wconf 81' lang='lat' dir='ltr'><strong>¹curia</strong></span> <span class='ocrx_word' id='word_1_225' title='bbox 2239 2079 2551 2168; x_wconf 83' lang='lat' dir='ltr'><strong>habuerint</strong></span> <span class='ocrx_word' id='word_1_226' title='bbox 2579 2078 2675 2142; x_wconf 91' lang='lat' dir='ltr'><strong>vel</strong></span> 
     </span>
     <span class='ocr_line' id='line_1_18' title="bbox 343 2184 2687 2275; baseline 0 -28"><span class='ocrx_word' id='word_1_227' title='bbox 343 2185 644 2248; x_wconf 89' lang='lat' dir='ltr'><strong>habituros</strong></span> <span class='ocrx_word' id='word_1_228' title='bbox 673 2205 771 2248; x_wconf 91' lang='lat' dir='ltr'><strong>eos</strong></span> <span class='ocrx_word' id='word_1_229' title='bbox 800 2203 1106 2275; x_wconf 86' lang='lat' dir='ltr'><strong>speravero</strong></span> <span class='ocrx_word' id='word_1_230' title='bbox 1119 2231 1135 2260; x_wconf 92' lang='lat'><strong>,</strong></span> <span class='ocrx_word' id='word_1_231' title='bbox 1181 2186 1323 2246; x_wconf 84' lang='lat' dir='ltr'><strong>dum</strong></span> <span class='ocrx_word' id='word_1_232' title='bbox 1365 2193 1659 2266; x_wconf 83' lang='lat' dir='ltr'><strong>presentes</strong></span> <span class='ocrx_word' id='word_1_233' title='bbox 1696 2184 1935 2258; x_wconf 86' lang='lat' dir='ltr'><strong>fuerint,</strong></span> <span class='ocrx_word' id='word_1_234' title='bbox 1964 2185 2061 2254; x_wconf 90' lang='lat' dir='ltr'><strong>vel</strong></span> <span class='ocrx_word' id='word_1_235' title='bbox 2102 2188 2188 2250; x_wconf 76' lang='lat' dir='ltr'><strong>,ab</strong></span> <span class='ocrx_word' id='word_1_236' title='bbox 2217 2185 2349 2252; x_wconf 88' lang='lat' dir='ltr'><strong>aliis</strong></span> <span class='ocrx_word' id='word_1_237' title='bbox 2378 2202 2481 2268; x_wconf 91' lang='lat' dir='ltr'><strong>pro</strong></span> <span class='ocrx_word' id='word_1_238' title='bbox 2512 2195 2687 2268; x_wconf 31' lang='lat' dir='ltr'><strong>parte,</strong></span> 
     </span>
     <span class='ocr_line' id='line_1_19' title="bbox 342 2289 2677 2374; baseline 0 -21"><span class='ocrx_word' id='word_1_239' title='bbox 342 2291 597 2373; x_wconf 91' lang='lat' dir='ltr'><strong>ipsorum</strong></span> <span class='ocrx_word' id='word_1_240' title='bbox 627 2302 687 2355; x_wconf 89' lang='lat' dir='ltr'><strong>et</strong></span> <span class='ocrx_word' id='word_1_241' title='bbox 715 2292 781 2366; x_wconf 91' lang='lat' dir='ltr'><strong>si,</strong></span> <span class='ocrx_word' id='word_1_242' title='bbox 812 2301 1127 2374; x_wconf 87' lang='lat' dir='ltr'><strong>antequam</strong></span> <span class='ocrx_word' id='word_1_243' title='bbox 1157 2290 1372 2353; x_wconf 86' lang='lat' dir='ltr'><strong>scivero</strong></span> <span class='ocrx_word' id='word_1_244' title='bbox 1401 2290 1639 2372; x_wconf 90' lang='lat' dir='ltr'><strong>aliquod</strong></span> <span class='ocrx_word' id='word_1_245' title='bbox 1668 2289 1965 2372; x_wconf 84' lang='lat' dir='ltr'><strong>negocium</strong></span> <span class='ocrx_word' id='word_1_246' title='bbox 1994 2299 2377 2354; x_wconf 89' lang='lat' dir='ltr'><strong>tractaturum</strong></span> <span class='ocrx_word' id='word_1_247' title='bbox 2408 2292 2504 2354; x_wconf 94' lang='lat' dir='ltr'><strong>vel</strong></span> <span class='ocrx_word' id='word_1_248' title='bbox 2535 2311 2677 2354; x_wconf 89' lang='lat' dir='ltr'><strong>cau-</strong></span> 
     </span>
     <span class='ocr_line' id='line_1_20' title="bbox 345 2393 2679 2483; baseline -0.001 -21"><span class='ocrx_word' id='word_1_249' title='bbox 345 2412 486 2462; x_wconf 83' lang='lat' dir='ltr'><strong>sam·</strong></span> <span class='ocrx_word' id='word_1_250' title='bbox 502 2399 840 2462; x_wconf 88' lang='lat' dir='ltr'><strong>habiturum</strong></span> <span class='ocrx_word' id='word_1_251' title='bbox 854 2395 901 2483; x_wconf 84' lang='lat'><strong>1)</strong></span> <span class='ocrx_word' id='word_1_252' title='bbox 915 2446 932 2474; x_wconf 91' lang='lat'>‚</span> <span class='ocrx_word' id='word_1_253' title='bbox 975 2397 1198 2480; x_wconf 87' lang='lat' dir='ltr'><strong>aliquid</strong></span> <span class='ocrx_word' id='word_1_254' title='bbox 1240 2400 1318 2460; x_wconf 93' lang='lat' dir='ltr'><strong>ab</strong></span> <span class='ocrx_word' id='word_1_255' title='bbox 1361 2417 1428 2459; x_wconf 91' lang='lat' dir='ltr'><strong>eo</strong></span> <span class='ocrx_word' id='word_1_256' title='bbox 1469 2414 1733 2479; x_wconf 85' lang='lat' dir='ltr'><strong>recepero</strong></span> <span class='ocrx_word' id='word_1_257' title='bbox 1746 2393 1795 2481; x_wconf 79' lang='lat'><strong>²)</strong></span> <span class='ocrx_word' id='word_1_258' title='bbox 1810 2444 1827 2471; x_wconf 91' lang='lat'>‚</span> <span class='ocrx_word' id='word_1_259' title='bbox 1872 2397 2075 2461; x_wconf 87' lang='lat' dir='ltr'><strong>deinde</strong></span> <span class='ocrx_word' id='word_1_260' title='bbox 2120 2399 2307 2479; x_wconf 89' lang='lat' dir='ltr'><strong>[cum]</strong></span> <span class='ocrx_word' id='word_1_261' title='bbox 2355 2416 2589 2480; x_wconf 88' lang='lat' dir='ltr'><strong>presens</strong></span> <span class='ocrx_word' id='word_1_262' title='bbox 2617 2397 2679 2460; x_wconf 91' lang='lat' dir='ltr'><strong>in</strong></span> 
     </span>
     <span class='ocr_line' id='line_1_21' title="bbox 348 2492 2691 2588; baseline -0.001 -21"><span class='ocrx_word' id='word_1_263' title='bbox 348 2506 504 2567; x_wconf 87' lang='lat' dir='ltr'><strong>curia</strong></span> <span class='ocrx_word' id='word_1_264' title='bbox 521 2506 616 2568; x_wconf 94' lang='lat' dir='ltr'><strong>vel</strong></span> <span class='ocrx_word' id='word_1_265' title='bbox 646 2524 750 2588; x_wconf 92' lang='lat' dir='ltr'><strong>per</strong></span> <span class='ocrx_word' id='word_1_266' title='bbox 778 2505 1032 2588; x_wconf 86' lang='lat' dir='ltr'><strong>aliquem</strong></span> <span class='ocrx_word' id='word_1_267' title='bbox 1052 2504 1350 2587; x_wconf 85' lang='lat' dir='ltr'><strong>negocium</strong></span> <span class='ocrx_word' id='word_1_268' title='bbox 1378 2503 1715 2567; x_wconf 80' lang='lat' dir='ltr'><strong>tractaverit</strong></span> <span class='ocrx_word' id='word_1_269' title='bbox 1742 2503 1837 2565; x_wconf 90' lang='lat' dir='ltr'><strong>vel</strong></span> <span class='ocrx_word' id='word_1_270' title='bbox 1868 2492 2073 2566; x_wconf 77' lang='lat' dir='ltr'><strong>causas</strong></span> <span class='ocrx_word' id='word_1_271' title='bbox 2102 2504 2402 2579; x_wconf 84' lang='lat' dir='ltr'><strong>habuerit,</strong></span> <span class='ocrx_word' id='word_1_272' title='bbox 2431 2493 2691 2567; x_wconf 72' lang='lat' dir='ltr'><strong>inconti-&#39;·</strong></span> 
     </span>
     <span class='ocr_line' id='line_1_22' title="bbox 349 2596 2689 2693; baseline 0 -20"><span class='ocrx_word' id='word_1_273' title='bbox 349 2612 506 2675; x_wconf 85' lang='lat' dir='ltr'><strong>nenti</strong></span> <span class='ocrx_word' id='word_1_274' title='bbox 535 2613 832 2675; x_wconf 87' lang='lat' dir='ltr'><strong>restituere</strong></span> <span class='ocrx_word' id='word_1_275' title='bbox 875 2615 1113 2675; x_wconf 90' lang='lat' dir='ltr'><strong>tenebor</strong></span> <span class='ocrx_word' id='word_1_276' title='bbox 1159 2620 1349 2693; x_wconf 90' lang='lat' dir='ltr'><strong>preter</strong></span> <span class='ocrx_word' id='word_1_277' title='bbox 1395 2610 1691 2673; x_wconf 89' lang='lat' dir='ltr'><strong>esculenta</strong></span> <span class='ocrx_word' id='word_1_278' title='bbox 1700 2607 1751 2693; x_wconf 78' lang='lat'><strong>3)</strong></span> <span class='ocrx_word' id='word_1_279' title='bbox 1800 2618 1860 2671; x_wconf 89' lang='lat' dir='ltr'><strong>et</strong></span> <span class='ocrx_word' id='word_1_280' title='bbox 1888 2596 2211 2691; x_wconf 89' lang='lat' dir='ltr'><strong>poculenta,</strong></span> <span class='ocrx_word' id='word_1_281' title='bbox 2259 2630 2370 2693; x_wconf 89' lang='lat' dir='ltr'><strong>que</strong></span> <span class='ocrx_word' id='word_1_282' title='bbox 2400 2618 2515 2674; x_wconf 89' lang='lat' dir='ltr'><strong>non</strong></span> <span class='ocrx_word' id='word_1_283' title='bbox 2544 2601 2689 2693; x_wconf 70' lang='lat' dir='ltr'><strong>pro-⁴</strong></span> 
     </span>
     <span class='ocr_line' id='line_1_23' title="bbox 348 2707 2683 2803; baseline -0.002 -22"><span class='ocrx_word' id='word_1_284' title='bbox 348 2720 632 2782; x_wconf 90' lang='lat' dir='ltr'><strong>ducuntur</strong></span> <span class='ocrx_word' id='word_1_285' title='bbox 660 2721 737 2783; x_wconf 90' lang='lat' dir='ltr'><strong>ad</strong></span> <span class='ocrx_word' id='word_1_286' title='bbox 767 2738 1071 2783; x_wconf 90' lang='lat' dir='ltr'><strong>numerum</strong></span> <span class='ocrx_word' id='word_1_287' title='bbox 1100 2727 1160 2781; x_wconf 89' lang='lat' dir='ltr'><strong>et</strong></span> <span class='ocrx_word' id='word_1_288' title='bbox 1187 2707 1593 2800; x_wconf 83' lang='lat' dir='ltr'><strong>quantitatem.</strong></span> <span class='ocrx_word' id='word_1_289' title='bbox 1634 2718 1787 2779; x_wconf 91' lang='lat' dir='ltr'><strong>Item</strong></span> <span class='ocrx_word' id='word_1_290' title='bbox 1815 2708 2061 2803; x_wconf 37' lang='lat' dir='ltr'><strong>negocia„</strong></span> <span class='ocrx_word' id='word_1_291' title='bbox 2077 2714 2221 2778; x_wconf 91' lang='lat' dir='ltr'><strong>mihi</strong></span> <span class='ocrx_word' id='word_1_292' title='bbox 2252 2716 2559 2800; x_wconf 88' lang='lat' dir='ltr'><strong>commissa</strong></span> <span class='ocrx_word' id='word_1_293' title='bbox 2585 2717 2683 2779; x_wconf 88' lang='lat' dir='ltr'><strong>vel</strong></span> 
     </span>
     <span class='ocr_line' id='line_1_24' title="bbox 348 2821 2683 2909; baseline -0.001 -22"><span class='ocrx_word' id='word_1_294' title='bbox 348 2825 534 2890; x_wconf 87' lang='lat' dir='ltr'><strong>officio</strong></span> <span class='ocrx_word' id='word_1_295' title='bbox 561 2822 768 2909; x_wconf 73' lang='lat' dir='ltr'><strong>mihi4)</strong></span> <span class='ocrx_word' id='word_1_296' title='bbox 796 2824 1189 2898; x_wconf 87' lang='lat' dir='ltr'><strong>imminencia,</strong></span> <span class='ocrx_word' id='word_1_297' title='bbox 1234 2844 1412 2906; x_wconf 91' lang='lat' dir='ltr'><strong>quam</strong></span> <span class='ocrx_word' id='word_1_298' title='bbox 1454 2823 1568 2886; x_wconf 87' lang='lat' dir='ltr'><strong>cito</strong></span> <span class='ocrx_word' id='word_1_299' title='bbox 1613 2831 1811 2903; x_wconf 88' lang='lat' dir='ltr'><strong>potero</strong></span> <span class='ocrx_word' id='word_1_300' title='bbox 1826 2868 1843 2895; x_wconf 91' lang='lat'>‚</span> <span class='ocrx_word' id='word_1_301' title='bbox 1890 2821 2197 2903; x_wconf 87' lang='lat' dir='ltr'><strong>expediam</strong></span> <span class='ocrx_word' id='word_1_302' title='bbox 2224 2831 2285 2885; x_wconf 91' lang='lat' dir='ltr'><strong>et</strong></span> <span class='ocrx_word' id='word_1_303' title='bbox 2313 2822 2509 2896; x_wconf 83' lang='lat' dir='ltr'><strong>omnia</strong></span> <span class='ocrx_word' id='word_1_304' title='bbox 2522 2868 2549 2897; x_wconf 24' lang='lat' dir='ltr'><strong>‚v</strong></span> <span class='ocrx_word' id='word_1_305' title='bbox 2570 2842 2683 2904; x_wconf 91' lang='lat' dir='ltr'><strong>que</strong></span> 
     </span>
    </p>
   </div>
   <div class='ocr_carea' id='block_1_4' title="bbox 351 2928 2787 3019">
    <p class='ocr_par' dir='ltr' id='par_1_4' title="bbox 351 2928 2787 3019">
     <span class='ocr_line' id='line_1_25' title="bbox 351 2928 2787 3019; baseline -0.001 -28"><span class='ocrx_word' id='word_1_306' title='bbox 351 2932 428 2991; x_wconf 91' lang='lat' dir='ltr'><strong>ad</strong></span> <span class='ocrx_word' id='word_1_307' title='bbox 458 2938 881 2992; x_wconf 83' lang='lat' dir='ltr'><strong>sacramentum</strong></span> <span class='ocrx_word' id='word_1_308' title='bbox 912 2928 1134 2992; x_wconf 87' lang='lat' dir='ltr'><strong>consilii</strong></span> <span class='ocrx_word' id='word_1_309' title='bbox 1165 2929 1482 3011; x_wconf 89' lang='lat' dir='ltr'><strong>pertinent,</strong></span> <span class='ocrx_word' id='word_1_310' title='bbox 1525 2945 1631 3010; x_wconf 90' lang='lat' dir='ltr'><strong>pro</strong></span> <span class='ocrx_word' id='word_1_311' title='bbox 1675 2947 1842 3009; x_wconf 89' lang='lat' dir='ltr'><strong>posse</strong></span> <span class='ocrx_word' id='word_1_312' title='bbox 1888 2946 2017 2990; x_wconf 86' lang='lat' dir='ltr'><strong>meo</strong></span> <span class='ocrx_word' id='word_1_313' title='bbox 2036 2928 2294 3009; x_wconf 74' lang='lat' dir='ltr'><strong>&#39;perfecte</strong></span> <span class='ocrx_word' id='word_1_314' title='bbox 2336 2937 2397 2990; x_wconf 92' lang='lat' dir='ltr'><strong>et</strong></span> <span class='ocrx_word' id='word_1_315' title='bbox 2440 2928 2686 2990; x_wconf 87' lang='lat' dir='ltr'><strong>fideliter</strong></span> <span class='ocrx_word' id='word_1_316' title='bbox 2778 3016 2787 3019; x_wconf 35' lang='grc'>-</span> 
     </span>
    </p>
   </div>
   <div class='ocr_carea' id='block_1_5' title="bbox 351 3025 2741 4287">
    <p class='ocr_par' dir='ltr' id='par_1_5' title="bbox 351 3025 2695 3330">
     <span class='ocr_line' id='line_1_26' title="bbox 351 3025 2685 3119; baseline -0.001 -21"><span class='ocrx_word' id='word_1_317' title='bbox 351 3038 671 3119; x_wconf 80' lang='lat' dir='ltr'><strong>observabo</strong></span> <span class='ocrx_word' id='word_1_318' title='bbox 711 3044 799 3115; x_wconf 86' lang='lat' dir='ltr'><strong>et,</strong></span> <span class='ocrx_word' id='word_1_319' title='bbox 844 3034 1220 3117; x_wconf 87' lang='lat' dir='ltr'><strong>quantumin</strong></span> <span class='ocrx_word' id='word_1_320' title='bbox 1250 3054 1344 3097; x_wconf 90' lang='lat' dir='ltr'><strong>me</strong></span> <span class='ocrx_word' id='word_1_321' title='bbox 1373 3034 1568 3107; x_wconf 86' lang='lat' dir='ltr'><strong>fuerit,</strong></span> <span class='ocrx_word' id='word_1_322' title='bbox 1600 3032 1810 3095; x_wconf 86' lang='lat' dir='ltr'><strong>faciam</strong></span> <span class='ocrx_word' id='word_1_323' title='bbox 1839 3034 1917 3094; x_wconf 89' lang='lat' dir='ltr'><strong>ab</strong></span> <span class='ocrx_word' id='word_1_324' title='bbox 1948 3033 2081 3095; x_wconf 89' lang='lat' dir='ltr'><strong>aliis</strong></span> <span class='ocrx_word' id='word_1_325' title='bbox 2110 3033 2453 3096; x_wconf 86' lang='lat' dir='ltr'><strong>officialibus</strong></span> <span class='ocrx_word' id='word_1_326' title='bbox 2475 3025 2685 3096; x_wconf 33' lang='lat' dir='ltr'><strong>&#39;obser-</strong></span> 
     </span>
     <span class='ocr_line' id='line_1_27' title="bbox 352 3116 2695 3225; baseline -0.001 -22"><span class='ocrx_word' id='word_1_327' title='bbox 352 3132 498 3206; x_wconf 85' lang='lat' dir='ltr'><strong>vari.</strong></span> <span class='ocrx_word' id='word_1_328' title='bbox 555 3143 635 3204; x_wconf 88' lang='lat' dir='ltr'><strong>Et</strong></span> <span class='ocrx_word' id='word_1_329' title='bbox 675 3116 728 3203; x_wconf 78' lang='lat' dir='ltr'><strong>si</strong></span> <span class='ocrx_word' id='word_1_330' title='bbox 754 3161 928 3224; x_wconf 91' lang='lat' dir='ltr'><strong>quem</strong></span> <span class='ocrx_word' id='word_1_331' title='bbox 957 3142 1028 3203; x_wconf 89' lang='lat' dir='ltr'><strong>de</strong></span> <span class='ocrx_word' id='word_1_332' title='bbox 1071 3140 1384 3213; x_wconf 88' lang='lat' dir='ltr'><strong>curialibus</strong></span> <span class='ocrx_word' id='word_1_333' title='bbox 1428 3122 1643 3202; x_wconf 83' lang='lat' dir='ltr'><strong>scivero</strong></span> <span class='ocrx_word' id='word_1_334' title='bbox 1688 3138 1927 3220; x_wconf 56' lang='lat' dir='ltr'><strong>aliquid⁴</strong></span> <span class='ocrx_word' id='word_1_335' title='bbox 1954 3122 2166 3217; x_wconf 23' lang='lat' dir='ltr'><strong>contra,</strong></span> <span class='ocrx_word' id='word_1_336' title='bbox 2197 3138 2444 3219; x_wconf 86' lang='lat' dir='ltr'><strong>formam</strong></span> <span class='ocrx_word' id='word_1_337' title='bbox 2466 3158 2695 3225; x_wconf 23' lang='lat' dir='ltr'><strong>:sacra--</strong></span> 
     </span>
     <span class='ocr_line' id='line_1_28' title="bbox 353 3235 2612 3330; baseline -0.001 -21"><span class='ocrx_word' id='word_1_338' title='bbox 353 3248 532 3311; x_wconf 90' lang='lat' dir='ltr'><strong>menti</strong></span> <span class='ocrx_word' id='word_1_339' title='bbox 563 3248 651 3311; x_wconf 90' lang='lat' dir='ltr'><strong>sui</strong></span> <span class='ocrx_word' id='word_1_340' title='bbox 679 3248 944 3330; x_wconf 88' lang='lat' dir='ltr'><strong>recipere,</strong></span> <span class='ocrx_word' id='word_1_341' title='bbox 973 3235 1434 3330; x_wconf 83' lang='lat' dir='ltr'><strong>quamprimum</strong></span> <span class='ocrx_word' id='word_1_342' title='bbox 1462 3244 1694 3309; x_wconf 91' lang='lat' dir='ltr'><strong>domino</strong></span> <span class='ocrx_word' id='word_1_343' title='bbox 1722 3244 2055 3327; x_wconf 90' lang='lat' dir='ltr'><strong>imperatori</strong></span> <span class='ocrx_word' id='word_1_344' title='bbox 2085 3244 2354 3309; x_wconf 88' lang='lat' dir='ltr'><strong>nunciare</strong></span> <span class='ocrx_word' id='word_1_345' title='bbox 2382 3248 2612 3309; x_wconf 89' lang='lat' dir='ltr'><strong>curab0.</strong></span> 
     </span>
    </p>

    <p class='ocr_par' dir='ltr' id='par_1_6' title="bbox 353 3348 2741 4073">
     <span class='ocr_line' id='line_1_29' title="bbox 529 3348 2687 3440; baseline -0.002 -22"><span class='ocrx_word' id='word_1_346' title='bbox 529 3355 752 3419; x_wconf 86' lang='lat' dir='ltr'><strong>Iudices</strong></span> <span class='ocrx_word' id='word_1_347' title='bbox 778 3354 1056 3417; x_wconf 90' lang='lat' dir='ltr'><strong>iurabunt</strong></span> <span class='ocrx_word' id='word_1_348' title='bbox 1083 3352 1280 3416; x_wconf 90' lang='lat' dir='ltr'><strong>omnia</strong></span> <span class='ocrx_word' id='word_1_349' title='bbox 1308 3362 1368 3415; x_wconf 90' lang='lat' dir='ltr'><strong>et</strong></span> <span class='ocrx_word' id='word_1_350' title='bbox 1395 3348 1625 3436; x_wconf 86' lang='lat' dir='ltr'><strong>singula</strong></span> <span class='ocrx_word' id='word_1_351' title='bbox 1653 3350 1985 3440; x_wconf 77' lang='lat' dir='ltr'><strong>supradicta</strong></span> <span class='ocrx_word' id='word_1_352' title='bbox 2014 3361 2204 3433; x_wconf 85' lang='lat' dir='ltr'><strong>preter</strong></span> <span class='ocrx_word' id='word_1_353' title='bbox 2216 3372 2303 3435; x_wconf 81' lang='lat' dir='ltr'><strong>ea,</strong></span> <span class='ocrx_word' id='word_1_354' title='bbox 2334 3372 2444 3433; x_wconf 85' lang='lat' dir='ltr'><strong>que</strong></span> <span class='ocrx_word' id='word_1_355' title='bbox 2457 3354 2535 3416; x_wconf 90' lang='lat' dir='ltr'><strong>ad</strong></span> <span class='ocrx_word' id='word_1_356' title='bbox 2548 3372 2687 3415; x_wconf 91' lang='lat' dir='ltr'><strong>con-</strong></span> 
     </span>
     <span class='ocr_line' id='line_1_30' title="bbox 353 3446 2741 3544; baseline -0.003 -21"><span class='ocrx_word' id='word_1_357' title='bbox 353 3460 549 3524; x_wconf 88' lang='lat' dir='ltr'><strong>silium</strong></span> <span class='ocrx_word' id='word_1_358' title='bbox 578 3462 883 3544; x_wconf 88' lang='lat' dir='ltr'><strong>pertinent,</strong></span> <span class='ocrx_word' id='word_1_359' title='bbox 901 3469 962 3523; x_wconf 89' lang='lat' dir='ltr'><strong>et</strong></span> <span class='ocrx_word' id='word_1_360' title='bbox 989 3456 1314 3542; x_wconf 83' lang='lat' dir='ltr'><strong>specialiter</strong></span> <span class='ocrx_word' id='word_1_361' title='bbox 1343 3456 1492 3533; x_wconf 65' lang='lat' dir='ltr'><strong>lites,</strong></span> <span class='ocrx_word' id='word_1_362' title='bbox 1522 3478 1702 3539; x_wconf 89' lang='lat' dir='ltr'><strong>quam</strong></span> <span class='ocrx_word' id='word_1_363' title='bbox 1730 3456 1903 3520; x_wconf 89' lang='lat' dir='ltr'><strong>cicius</strong></span> <span class='ocrx_word' id='word_1_364' title='bbox 1916 3464 2201 3537; x_wconf 87' lang='lat' dir='ltr'><strong>poterunt,</strong></span> <span class='ocrx_word' id='word_1_365' title='bbox 2230 3446 2686 3531; x_wconf 83' lang='lat' dir='ltr'><strong>diffinire‚&#39;sala-·</strong></span> <span class='ocrx_word' id='word_1_366' title='bbox 2736 3510 2741 3516; x_wconf 85' lang='lat'>.</span> 
     </span>
     <span class='ocr_line' id='line_1_31' title="bbox 354 3562 2688 3649; baseline -0.002 -19"><span class='ocrx_word' id='word_1_367' title='bbox 354 3567 442 3630; x_wconf 90' lang='lat' dir='ltr'><strong>ria</strong></span> <span class='ocrx_word' id='word_1_368' title='bbox 470 3570 879 3631; x_wconf 84' lang='lat' dir='ltr'><strong>advocatorum</strong></span> <span class='ocrx_word' id='word_1_369' title='bbox 896 3614 912 3641; x_wconf 91' lang='lat'><strong>‚</strong></span> <span class='ocrx_word' id='word_1_370' title='bbox 955 3568 1005 3629; x_wconf 92' lang='lat' dir='ltr'><strong>si</strong></span> <span class='ocrx_word' id='word_1_371' title='bbox 1046 3566 1195 3629; x_wconf 87' lang='lat' dir='ltr'><strong>inter</strong></span> <span class='ocrx_word' id='word_1_372' title='bbox 1205 3562 1256 3649; x_wconf 82' lang='lat'><strong>⁵)</strong></span> <span class='ocrx_word' id='word_1_373' title='bbox 1301 3584 1398 3627; x_wconf 90' lang='lat' dir='ltr'><strong>eos</strong></span> <span class='ocrx_word' id='word_1_374' title='bbox 1427 3574 1486 3626; x_wconf 90' lang='lat' dir='ltr'><strong>et</strong></span> <span class='ocrx_word' id='word_1_375' title='bbox 1516 3572 1714 3645; x_wconf 85' lang='lat' dir='ltr'><strong>partes</strong></span> <span class='ocrx_word' id='word_1_376' title='bbox 1744 3565 1819 3626; x_wconf 91' lang='lat' dir='ltr'><strong>de</strong></span> <span class='ocrx_word' id='word_1_377' title='bbox 1844 3580 2041 3626; x_wconf 88' lang='lat' dir='ltr'><strong>eorum</strong></span> <span class='ocrx_word' id='word_1_378' title='bbox 2070 3564 2397 3645; x_wconf 84' lang='lat' dir='ltr'><strong>quantitate</strong></span> <span class='ocrx_word' id='word_1_379' title='bbox 2426 3563 2513 3626; x_wconf 83' lang='lat' dir='ltr'><strong>lix</strong></span> <span class='ocrx_word' id='word_1_380' title='bbox 2540 3562 2688 3626; x_wconf 90' lang='lat' dir='ltr'><strong>inci-</strong></span> 
     </span>
     <span class='ocr_line' id='line_1_32' title="bbox 356 3668 2688 3755; baseline -0.002 -19"><span class='ocrx_word' id='word_1_381' title='bbox 356 3674 531 3749; x_wconf 86' lang='lat' dir='ltr'><strong>derit,</strong></span> <span class='ocrx_word' id='word_1_382' title='bbox 577 3674 823 3737; x_wconf 86' lang='lat' dir='ltr'><strong>fideliter</strong></span> <span class='ocrx_word' id='word_1_383' title='bbox 865 3682 925 3735; x_wconf 90' lang='lat' dir='ltr'><strong>et</strong></span> <span class='ocrx_word' id='word_1_384' title='bbox 967 3694 1112 3755; x_wconf 88' lang='lat' dir='ltr'><strong>equo</strong></span> <span class='ocrx_word' id='word_1_385' title='bbox 1157 3670 1394 3736; x_wconf 87' lang='lat' dir='ltr'><strong>arbitrio</strong></span> <span class='ocrx_word' id='word_1_386' title='bbox 1440 3669 1723 3733; x_wconf 89' lang='lat' dir='ltr'><strong>moderari</strong></span> <span class='ocrx_word' id='word_1_387' title='bbox 1766 3687 1869 3752; x_wconf 89' lang='lat' dir='ltr'><strong>pro</strong></span> <span class='ocrx_word' id='word_1_388' title='bbox 1913 3668 2197 3750; x_wconf 88' lang='lat' dir='ltr'><strong>qualitate</strong></span> <span class='ocrx_word' id='word_1_389' title='bbox 2227 3686 2599 3750; x_wconf 88' lang='lat' dir='ltr'><strong>personarum</strong></span> <span class='ocrx_word' id='word_1_390' title='bbox 2629 3678 2688 3731; x_wconf 92' lang='lat' dir='ltr'><strong>et</strong></span> 
     </span>
     <span class='ocr_line' id='line_1_33' title="bbox 354 3773 2689 3863; baseline -0.002 -21"><span class='ocrx_word' id='word_1_391' title='bbox 354 3798 559 3855; x_wconf 89' lang='lat' dir='ltr'><strong>rerum,</strong></span> <span class='ocrx_word' id='word_1_392' title='bbox 594 3790 653 3842; x_wconf 92' lang='lat' dir='ltr'><strong>et</strong></span> <span class='ocrx_word' id='word_1_393' title='bbox 682 3779 1022 3863; x_wconf 84' lang='lat' dir='ltr'><strong>generaliter</strong></span> <span class='ocrx_word' id='word_1_394' title='bbox 1049 3778 1262 3853; x_wconf 90' lang='lat' dir='ltr'><strong>omnia,</strong></span> <span class='ocrx_word' id='word_1_395' title='bbox 1292 3798 1403 3860; x_wconf 91' lang='lat' dir='ltr'><strong>que</strong></span> <span class='ocrx_word' id='word_1_396' title='bbox 1433 3778 1510 3839; x_wconf 89' lang='lat' dir='ltr'><strong>ad</strong></span> <span class='ocrx_word' id='word_1_397' title='bbox 1540 3775 1789 3839; x_wconf 86' lang='lat' dir='ltr'><strong>officium</strong></span> <span class='ocrx_word' id='word_1_398' title='bbox 1819 3774 2104 3839; x_wconf 86' lang='lat' dir='ltr'><strong>iudicatus</strong></span> <span class='ocrx_word' id='word_1_399' title='bbox 2146 3778 2493 3857; x_wconf 85' lang='lat' dir='ltr'><strong>spectabunt</strong></span> <span class='ocrx_word' id='word_1_400' title='bbox 2502 3773 2583 3859; x_wconf 75' lang='grc'><strong>6),</strong></span> <span class='ocrx_word' id='word_1_401' title='bbox 2630 3784 2689 3837; x_wconf 90' lang='lat' dir='ltr'><strong>et</strong></span> 
     </span>
     <span class='ocr_line' id='line_1_34' title="bbox 357 3878 2721 3968; baseline -0.003 -21"><span class='ocrx_word' id='word_1_402' title='bbox 357 3887 512 3968; x_wconf 90' lang='lat' dir='ltr'><strong>quod</strong></span> <span class='ocrx_word' id='word_1_403' title='bbox 540 3886 718 3948; x_wconf 89' lang='lat' dir='ltr'><strong>nichil</strong></span> <span class='ocrx_word' id='word_1_404' title='bbox 751 3896 938 3967; x_wconf 85' lang='lat' dir='ltr'><strong>preter</strong></span> <span class='ocrx_word' id='word_1_405' title='bbox 967 3888 1266 3949; x_wconf 89' lang='lat' dir='ltr'><strong>moderata</strong></span> <span class='ocrx_word' id='word_1_406' title='bbox 1295 3902 1399 3967; x_wconf 87' lang='lat' dir='ltr'><strong>pro</strong></span> <span class='ocrx_word' id='word_1_407' title='bbox 1444 3878 1958 3962; x_wconf 82' lang='lat' dir='ltr'><strong>subscriptionibus</strong></span> <span class='ocrx_word' id='word_1_408' title='bbox 1970 3878 2018 3964; x_wconf 82' lang='lat'><strong>⁷)</strong></span> <span class='ocrx_word' id='word_1_409' title='bbox 2061 3880 2335 3963; x_wconf 90' lang='lat' dir='ltr'><strong>recipient</strong></span> <span class='ocrx_word' id='word_1_410' title='bbox 2348 3928 2364 3955; x_wconf 90' lang='lat'><strong>,</strong></span> <span class='ocrx_word' id='word_1_411' title='bbox 2417 3889 2587 3962; x_wconf 92' lang='lat' dir='ltr'><strong>prout</strong></span> <span class='ocrx_word' id='word_1_412' title='bbox 2628 3881 2721 3951; x_wconf 85' lang='lat' dir='ltr'><strong>in·</strong></span> 
     </span>
     <span class='ocr_line' id='line_1_35' title="bbox 356 3987 1286 4073; baseline -0.004 -18"><span class='ocrx_word' id='word_1_413' title='bbox 356 3990 862 4055; x_wconf 85' lang='lat' dir='ltr'><strong>constitucionibus</strong></span> <span class='ocrx_word' id='word_1_414' title='bbox 889 3991 1208 4054; x_wconf 89' lang='lat' dir='ltr'><strong>continetur</strong></span> <span class='ocrx_word' id='word_1_415' title='bbox 1218 3987 1286 4073; x_wconf 79' lang='lat'><strong>⁸).</strong></span> 
     </span>
    </p>

    <p class='ocr_par' dir='ltr' id='par_1_7' title="bbox 360 4092 2689 4287">
     <span class='ocr_line' id='line_1_36' title="bbox 534 4092 2689 4181; baseline -0.002 -22"><span class='ocrx_word' id='word_1_416' title='bbox 534 4095 764 4160; x_wconf 83' lang='lat' dir='ltr'><strong>Notarii</strong></span> <span class='ocrx_word' id='word_1_417' title='bbox 792 4096 1069 4181; x_wconf 78' lang='lat' dir='ltr'><strong>iurabant</strong></span> <span class='ocrx_word' id='word_1_418' title='bbox 1097 4096 1294 4160; x_wconf 86' lang='lat' dir='ltr'><strong>omnia</strong></span> <span class='ocrx_word' id='word_1_419' title='bbox 1337 4104 1397 4157; x_wconf 90' lang='lat' dir='ltr'><strong>et</strong></span> <span class='ocrx_word' id='word_1_420' title='bbox 1443 4094 1672 4176; x_wconf 88' lang='lat' dir='ltr'><strong>singula</strong></span> <span class='ocrx_word' id='word_1_421' title='bbox 1714 4092 2044 4177; x_wconf 88' lang='lat' dir='ltr'><strong>supradicta</strong></span> <span class='ocrx_word' id='word_1_422' title='bbox 2082 4102 2271 4176; x_wconf 85' lang='lat' dir='ltr'><strong>preter</strong></span> <span class='ocrx_word' id='word_1_423' title='bbox 2314 4111 2412 4165; x_wconf 90' lang='lat' dir='ltr'><strong>ea,</strong></span> <span class='ocrx_word' id='word_1_424' title='bbox 2459 4111 2569 4172; x_wconf 90' lang='lat' dir='ltr'><strong>que</strong></span> <span class='ocrx_word' id='word_1_425' title='bbox 2612 4093 2689 4154; x_wconf 89' lang='lat' dir='ltr'><strong>ad</strong></span> 
     </span>
     <span class='ocr_line' id='line_1_37' title="bbox 360 4200 1782 4287; baseline -0.005 -18"><span class='ocrx_word' id='word_1_426' title='bbox 360 4203 659 4269; x_wconf 89' lang='lat' dir='ltr'><strong>consilium</strong></span> <span class='ocrx_word' id='word_1_427' title='bbox 690 4200 978 4287; x_wconf 86' lang='lat' dir='ltr'><strong>pertinent</strong></span> <span class='ocrx_word' id='word_1_428' title='bbox 1009 4212 1068 4265; x_wconf 91' lang='lat' dir='ltr'><strong>et</strong></span> <span class='ocrx_word' id='word_1_429' title='bbox 1097 4205 1172 4265; x_wconf 92' lang='lat' dir='ltr'><strong>ad</strong></span> <span class='ocrx_word' id='word_1_430' title='bbox 1203 4202 1452 4266; x_wconf 86' lang='lat' dir='ltr'><strong>officium</strong></span> <span class='ocrx_word' id='word_1_431' title='bbox 1482 4202 1782 4264; x_wconf 79' lang='lat' dir='ltr'><strong>iudicatus,</strong></span> 
     </span>
    </p>
   </div>
  </div>
 </body>
</html>
