3144 4821
1437 339 1878 404 ..22-

496 513 784 580 nachsolger
823 515 908 564 des
944 515 1068 566 eben
1121 518 1444 582 gestorbenen
1493 517 1719 566 ksuzlers
1772 516 2033 566 Goffredus
2085 516 2147 566 de
2182 516 2509 574 Bellomonte,
2544 532 2586 565 s.
2622 515 2827 566 Minieri

495 602 528 650 l.
567 617 611 652 c.
645 618 696 666 p.
738 599 855 660 188,
892 603 996 652 und
1018 602 1151 653 Karl
1173 604 1232 661 1.‚
1270 604 1484 655 welcher
1522 601 1660 652 1272
1696 610 1833 654 mm
1849 601 1931 654 18.
1959 605 2012 653 in
2037 604 2203 656 Teano
2226 617 2469 671 gewesen,
2504 603 2596 654 hat
2629 618 2713 654 am
2736 602 2823 654 20.
2858 637 2865 646 -

493 704 583 742 aus
617 688 856 756 Miguano
892 691 1204 757 geurkundet
1241 690 1460 759 (Minieri
1473 727 1490 750 ‚
1537 693 1786 743 itinerario
1824 692 1876 741 di
1910 692 2051 744 carlo
2088 693 2130 741 I.
2165 708 2216 757 p.
2252 688 2325 760 7),
2368 707 2444 744 wo
2480 706 2534 740 er
2568 691 2701 742 nach
2734 708 2827 742 un·

493 792 624 830 seret
657 780 788 830 notiz
814 794 896 828 am
935 775 1016 828 19.
1056 780 1152 830 den
1200 795 1361 832 neuen
1396 780 1598 832 knnzler
1632 780 1873 847 vereidigt
1906 782 2069 832 haben
2104 781 2214 831 soll.
2250 781 2384 831 Aber
2418 781 2507 830 das
2520 779 2645 829 ’παι
2681 781 2822 830 aller-

493 867 636 933 dings
670 867 810 918 nicht
844 867 932 918 der
964 875 1190 936 seraing,
1225 870 1436 920 sondem
1469 869 1556 920 der
1589 875 1825 936 samstag.
1863 896 1927 908 -··
1971 871 2009 931 ²)
2046 867 2285 935 Mignmo
2321 873 2391 919 so.
2416 865 2519 918 San
2544 869 2822 928 Germanum

491 955 625 1020 apud
659 955 737 1013 Β.,
793 970 834 1005 c.
886 987 951 996 —
1011 956 1050 1018 ⁸)
1103 972 1190 1022 pro
1245 959 1370 1008 fehlt
1422 973 1469 1008 a.
1528 985 1591 996 --
1646 956 1689 1026 4)
1743 957 2070 1022 pendentibus
2117 973 2163 1006 a.
2216 971 2259 1007 c.
2310 983 2374 996 --
2430 957 2471 1019 ⁶)
2520 956 2607 1008 ubi
2657 971 2701 1007 c.
2757 985 2820 995 -

495 1038 537 1109 ⁶)
586 1057 702 1112 rege
736 1043 1004 1110 predictam
1041 1058 1083 1096 c.
1140 1073 1198 1084 -
1247 1043 1286 1114 7)
1323 1047 1452 1113 regis
1487 1046 1548 1096 de
1586 1047 1769 1098 mansis
1808 1052 1861 1096 et
1893 1045 2218 1112 pendentibus
2256 1043 2312 1113 (Ξ)
2352 1061 2393 1095 c.

629 1294 696 1361 6.
741 1293 1072 1360 Gelo-arach
1100 1294 1210 1359 der
1233 1293 1629 1378 pdpctlichen.
1646 1293 1890 1360 kamzei
1915 1303 2098 1360 umor
2128 1291 2418 1360 Coele-stin
2446 1291 2579 1356 HL

666 1453 973 1517 Sciendum
1003 1463 1117 1530 est,
1159 1455 1313 1536 quod
1343 1453 1610 1516 dominus
1646 1473 1807 1537 papa
1820 1501 1835 1528 ,
1880 1456 1957 1516 ad
2001 1471 2419 1536 quemcumque
2466 1453 2712 1528 scribat,
2759 1474 2822 1516 se

486 1541 788 1642 anteponit
815 1569 875 1622 et
903 1559 1314 1627 salutationem
1346 1581 1460 1624 non
1490 1569 1699 1623 mutat.

664 1665 728 1729 Si
759 1667 972 1729 scribat
999 1666 1425 1748 archiepiscopo
1456 1675 1516 1728 et
1543 1665 1828 1747 episcope,
1858 1675 2031 1729 vocat
2058 1685 2159 1728 eos
2186 1664 2559 1750 venerabiles
2572 1667 2825 1748 βαίνω

483 1772 545 1835 in
576 1774 730 1836 hunc
758 1775 1020 1835 moduine
1071 1771 1411 1838 celestinus
1440 1774 1771 1856 episcopus,
1800 1791 2015 1834 seo-rsus
2042 1791 2363 1836 servorum
2391 1773 2515 1847 dei,
2558 1792 2819 1835 venera-

485 1877 593 1940 bili
603 1875 650 1961 1)
667 1881 878 1962 fratri
901 1898 1017 1944 suo
1045 1927 1058 1942 .
1093 1927 1107 1942 .
1154 1877 1454 1941 Rememi
1495 1879 1977 1960 archiepiscopo,
2021 1877 2285 1941 salutem
2327 1887 2383 1942 et
2424 1878 2821 1962 apostolicam

485 1985 958 2048 benedictionem.
1020 1984 1085 2048 Si
1116 1995 1314 2062 autem
1343 1984 1557 2046 scribat
1588 1983 1707 2058 alii,
1739 1984 2082 2066 quicumque
2110 1983 2212 2046 ille
2242 1983 2334 2059 sit,
2366 1995 2537 2047 vocat
2565 2001 2697 2047 eum
2718 1984 2818 2047 di-

483 2089 701 2174 lectum
715 2089 946 2172 filium.
1009 2090 1073 2154 Si
1105 2091 1320 2154 scribat
1350 2092 1575 2152 duobus
1606 2089 2063 2171 archiepiscopis
2094 2108 2321 2173 semper
2351 2089 2665 2172 digniorem
2682 2108 2819 2172 pre-

483 2196 677 2277 ponit‚
708 2205 801 2271 ut,
832 2196 881 2258 si
909 2196 1128 2260 scribat
1167 2195 1597 2277 archiepiscopo
1640 2194 1916 2258 Remensi
1966 2203 2027 2256 et
2066 2195 2385 2259 Turonensi
2398 2243 2415 2270 ‚
2462 2196 2662 2260 scribit
2707 2197 2839 2259 sict·

415 2313 418 2318 ·
483 2299 816 2366 Gelestinuc
844 2304 1174 2384 episcopus,
1204 2321 1418 2366 servus
1445 2320 1767 2370 servorum
1797 2301 1909 2374 dei,
1940 2300 2381 2364 venerabilibus
2396 2303 2721 2385 fratribus
2750 2299 2817 2364 Ο.

480 2405 778 2471 Romen-ei
804 2417 859 2471 et
875 2407 954 2470 G.
975 2406 1334 2471 Tuo-ommi
1348 2408 1833 2491 archiepiscopis,
1864 2405 2131 2472 salutem
2149 2416 2203 2471 et
2221 2407 2621 2491 apostolicam
2639 2412 2815 2473 bene-

476 2515 811 2576 diccionem.
871 2513 936 2577 Si
965 2515 1182 2576 scribat
1209 2516 1435 2577 duobus
1465 2513 1764 2595 episcopis,
1794 2512 2239 2577 laudabiliorem
2266 2515 2599 2597 anteponit,
2640 2525 2705 2577 ut
2718 2562 2735 2589 ,
2766 2514 2816 2577 si

477 2620 692 2683 scribat
719 2619 1126 2682 Aurelianensi
1155 2619 1422 2701 episcopo
1452 2629 1512 2682 et
1540 2618 1856 2681 Parisiensi
1870 2666 1887 2693 ‚
1932 2620 2013 2683 sic
2041 2619 2273 2683 scribit:
2324 2604 2657 2684 Calatinus
2684 2623 2814 2704 epi·-

475 2746 724 2809 scopm,
754 2745 968 2791 servus
993 2745 1315 2790 cervorum
1343 2726 1443 2788 clei
1453 2770 1468 2799 ,
1499 2723 1943 2789 venerabilibus
1972 2727 2295 2809 fratribus
2323 2725 2419 2790 M.
2462 2726 2819 2790 Pac-icioma·

479 2841 534 2895 et
561 2832 653 2894 H.
682 2831 1128 2895 Awrelianenei
1154 2812 1447 2914 episeopis
1463 2877 1479 2904 ,
1511 2830 1777 2894 salutem
1804 2839 1861 2893 ct
1888 2830 2291 2915 apostolicam
2336 2834 2812 2897 benedictionem,

479 2937 544 3000 Si
573 2937 790 3001 scribat
817 2937 991 3002 alicui
1017 2937 1297 3003 cardinali
1327 2936 1615 3019 episcop0,
1645 2939 1847 3000 eodem
1874 2939 2047 3001 modo
2076 2938 2293 3013 scribit,
2323 2948 2391 3001 ut
2407 2939 2510 3002 alii
2530 2938 2811 3021 episcopo.

478 3043 543 3107 Si
569 3044 790 3108 scribat
816 3044 987 3108 alicui
1015 3044 1294 3107 cardinali
1323 3044 1640 3125 presbitero
1658 3090 1675 3117 ‚
1719 3053 1891 3108 vocat
1919 3063 2052 3107 eum
2084 3043 2371 3109 dilectum
2385 3043 2600 3127 filium
2626 3054 2687 3107 et
2716 3064 2812 3107 ec-

477 3151 664 3225 clesie,
693 3150 784 3214 cui
798 3150 1103 3232 praesidet,
1129 3151 1368 3214 titulum
1381 3151 1644 3232 apponit,
1658 3149 1849 3213 dicens
1862 3150 1943 3212 sic
1957 3171 1971 3212 ε
1988 3148 2323 3214 Oeleclinus
2334 3153 2665 3233 epiecopus,
2680 3168 2813 3213 ser-

478 3275 928 3321 vassem-vortam
944 3257 1056 3330 dci,
1073 3255 1286 3321 dilecto
1283 3255 1421 3339 filio
1436 3257 1538 3335 Β.,
1556 3264 1944 3320 sacrosancte
1956 3254 2249 3319 Romane
2258 3255 2489 3319 ecclesie
2502 3254 2817 3320 cardinali

474 3364 803 3445 presbitero
831 3361 996 3425 trade·
1009 3360 1245 3425 ecclesie
1259 3366 1462 3426 sancii
1475 3363 1829 3439 Lam-mlii,
1859 3360 2126 3426 calmem
2147 3370 2204 3425 et
2218 3360 2619 3445 apostolicam
2634 3363 2810 3425 berw-

475 3468 810 3531 dictionem.
869 3466 935 3530 Si
950 3475 1100 3531 ‘vero
1129 3468 1346 3531 scribat
1371 3468 1651 3531 cardinali
1680 3467 1921 3532 diacono
1935 3516 1952 3543 ,
1999 3487 2115 3531 non
2156 3468 2402 3549 apponit
2428 3467 2685 3531 titulum.
2744 3466 2810 3530 Si

475 3592 612 3637 vero
639 3574 854 3637 scribat
883 3573 1160 3636 cardinali
1189 3574 1400 3655 legato,
1431 3572 1628 3635 scribit.
1657 3573 1709 3635 ei
1738 3574 1849 3637 sic:
1880 3572 2217 3639 celestinus
2234 3575 2569 3656 episcopus,
2597 3592 2813 3635 servus

473 3698 793 3743 servorum
822 3680 934 3753 dei,
965 3678 1179 3743 dilecto
1193 3677 1336 3761 filio
1365 3698 1478 3743 ouo
1508 3679 1600 3752 0.,
1631 3688 2020 3743 sacrosancte
2036 3679 2328 3742 Romane
2349 3677 2580 3741 ecclesie
2596 3678 2807 3741 cao-di-

475 3784 614 3849 nali
630 3787 964 3869 presbitero
990 3782 1156 3849 tituli
1180 3785 1382 3847 sancti
1396 3783 1748 3857 Lemo-mutii,
1782 3786 2108 3867 apostolice
2124 3785 2289 3850 sedis
2304 3783 2514 3865 leyato,
2546 3782 2809 3847 salutem

476 3901 531 3955 et
559 3890 956 3975 apostolicam
985 3889 1444 3953 benedictionem
1453 3887 1520 3974 ²).
1551 3888 1837 3953 Dominus
1866 3909 2026 3971 papa
2056 3890 2195 3952 facit
2225 3890 2466 3970 legatoS,
2497 3905 2643 3971 quos
2660 3888 2805 3951 vult.

477 3997 541 4060 Si
571 3997 748 4060 faciat
775 3996 1032 4077 legatum
1061 3994 1476 4058 subdiaconum
1505 3996 1602 4056 vel
1633 3994 1909 4057 acolitum
1922 4041 1938 4068 ‚
1968 3992 2166 4056 scribit
2196 3994 2277 4057 sic
2292 4000 2313 4057 τ’
2354 3992 2567 4057 dilecto
2593 3992 2735 4076 filio
2755 4041 2768 4056 .
2793 4041 2806 4055 .

475 4101 765 4187 Romane
792 4099 1026 4163 ecclesie
1052 4100 1419 4163 subdiacono
1447 4100 1544 4163 vel
1590 4098 1807 4164 acolito
1822 4146 1837 4175 ‚
1888 4098 2211 4182 apostolice
2258 4100 2421 4165 sedis
2469 4098 2680 4183 zeqato.
2741 4098 2806 4161 Si

475 4208 690 4279 scribat
717 4206 982 4290 episcopo
1025 4215 1084 4269 et
1126 4208 1340 4273 decano
1387 4227 1490 4269 suo
1503 4252 1519 4281 ,
1563 4208 1760 4289 ipsum
1808 4204 2138 4289 episcopum
2184 4218 2356 4271 vocat
2400 4204 2803 4270 venerabilem
