3144 4821
1255 279 1697 344 „23—

291 461 574 542 fratrem
603 468 664 520 et
692 461 973 520 decanum
1003 457 1292 522 dilectum
1307 455 1538 540 filium,
1572 456 1681 518 sic:
1726 455 2057 520 venerabili
2084 457 2295 538 fratri
2334 453 2425 516 H.
2474 455 2637 535 epis-

305 585 448 648 copo
479 573 535 627 et
561 557 772 628 dilecto
787 563 928 646 filio
958 561 1022 626 Ο.
1053 564 1280 625 decano
1310 561 1885 626 Aurelianensibns.
1946 561 2011 624 Si
2043 561 2257 624 scribat
2286 561 2550 642 episcopo
2582 567 2642 619 et

305 673 667 760 decano‘non
697 690 818 743 suo,
845 649 1046 732 scribit
1075 670 1182 732 sic:
1213 668 1546 731 venerabili
1559 670 1771 752 fratri
1791 689 1909 755 ,sno
1936 665 2028 730 H.
2047 659 2493 740 Aurelianensi
2508 665 2639 748 epi-

306 765 487 858 seopo
517 784 572 838 et
599 756 810 858 dilecto
825 773 964 858 filio
995 772 1060 836 Ο.
1091 775 1318 855 decano
1359 773 1733 840 Par-isiensi.
1796 773 1859 837 Si
1910 773 2126 837 scribat
2172 771 2345 835 alicui
2392 754 2654 851 simplici*

307 881 596 956 canonico,
625 881 816 962 tangit
845 881 1052 956 locum,
1084 881 1244 944 cuius
1273 891 1363 944 est
1391 879 1713 954 canonicus,
1744 879 1852 943 sic:
1884 878 2098 943 dilecto
2113 877 2254 962 filio
2271 925 2286 941 .
2313 925 2326 940 .
2358 876 2640 958 Μαρεία-

307 989 488 1050 nen-si
515 989 825 1050 canonico.
889 985 954 1050 Si
982 986 1200 1050 scribat
1241 985 1557 1067 presbitero
1602 985 1981 1067 parrochiali,
2033 985 2231 1048 scribit
2274 983 2382 1046 sic:
2432 981 2643 1045 dilecto

293 1091 437 1175 filio
466 1090 562 1166 G„
593 1094 796 1155 sancii
822 1091 1006 1154 Petri
1031 1093 1376 1174 presbitero,
1437 1091 1502 1154 Si
1533 1091 1748 1155 scribat
1776 1092 2011 1166 abbati,
2061 1100 2233 1154 vocat
2275 1109 2409 1152 eum
2452 1087 2651 1170 dilece

307 1207 444 1261 tum
456 1197 674 1281 filium
703 1208 763 1260 et
791 1198 1035 1279 apponit
1063 1198 1270 1272 locum,
1300 1197 1460 1260 cuius
1489 1206 1579 1260 est
1627 1200 1815 1260 abbas
1830 1243 1845 1271 ,
1892 1197 2000 1260 sic:
2048 1195 2292 1278 [dilecto
2320 1193 2491 1278 filio]
2541 1191 2640 1267 G„

308 1306 514 1367 sancti
539 1303 722 1366 Petri
749 1305 968 1366 abbati.
1029 1302 1094 1366 Si
1125 1303 1340 1366 scribat
1368 1303 1574 1366 abbati
1605 1312 1664 1365 et
1692 1303 2014 1378 conventui,
2044 1301 2243 1365 scribit
2270 1301 2379 1364 sic:
2411 1297 2643 1362 dilectis

296 1409 460 1493 filiis
487 1408 566 1473 G.
599 1412 806 1473 abbati
829 1412 1053 1492 totique
1083 1411 1399 1472 conventui
1424 1412 1627 1472 sancti
1652 1410 1919 1474 Andree.
1982 1408 2047 1472 Si
2078 1407 2292 1472 scribat
2322 1406 2637 1479 abbatisse,

309 1525 482 1578 vocat
510 1535 640 1579 eam
670 1515 958 1580 dilectam
989 1514 1204 1597 filiam
1245 1524 1304 1576 et
1345 1515 1536 1596 tangit
1582 1515 1773 1578 locum
1786 1561 1803 1590 ‚
1852 1515 2012 1578 cuius
2059 1524 2149 1577 est
2194 1511 2512 1577 abbatissa.
2574 1509 2639 1574 Si

307 1621 524 1684 scribat
551 1621 850 1684 abbatisse
879 1631 939 1683 et
966 1619 1290 1696 conventui,
1321 1620 1520 1684 scribit
1549 1621 1658 1684 sic:
1690 1620 1925 1685 dilectis
1939 1618 2203 1703 filiabus
2212 1617 2263 1705 ⁸)
2310 1618 2406 1681 M.
2454 1619 2639 1680 abba-

309 1729 453 1793 tisse
479 1729 692 1818 «sancii¹
705 1728 966 1790 Antonii
991 1729 1210 1808 totique
1241 1729 1568 1790 conventui.
2719 1718 2723 1723 ’

487 1832 665 1896 Modo
692 1833 1006 1896 videndum
1037 1841 1142 1907 est,
1171 1833 1422 1913 qualiter
1449 1853 1609 1914 papa
1636 1833 1833 1895 scribit
1862 1832 2215 1895 secularibus
2244 1830 2517 1912 personis.
2576 1828 2639 1890 Si

312 1939 528 2001 scribat
555 1939 727 2001 alicui
757 1937 1016 2012 seculari,
1047 1936 1390 2020 quicumque
1419 1939 1497 2001 sit
1525 1938 1625 1999 ille
1638 1985 1655 2012 ‚
1694 1947 1869 2002 vocat
1912 1957 2041 2000 eum
2088 1935 2377 2000 dilectum
2410 1934 2641 2016 filium.

313 2044 480 2106 Unde
511 2043 559 2106 si
589 2044 803 2106 scribat
829 2043 1180 2125 imperatori,
1210 2043 1407 2106 scribit
1433 2044 1540 2106 sic:
1572 2035 1785 2106 dilecto
1800 2041 1943 2126 filio
1972 2043 2047 2106 F.
2063 2041 2505 2104 Romanorum
2522 2041 2642 2102 im·-

307 2151 603 2232 peratori.
663 2148 733 2214 Si
759 2148 976 2212 scribat
1004 2149 1177 2212 alicui
1198 2149 1341 2236 regi,
1371 2150 1715 2231 quicumque
1746 2136 1823 2211 sit
1850 2149 1968 2223 ille,
2002 2158 2169 2212 vocat
2196 2168 2329 2211 eum
2356 2145 2646 2210 dilectum

301 2253 519 2338 filium
547 2263 796 2330 tantum,
827 2257 938 2318 hoc
965 2263 1164 2316 tamen
1194 2264 1433 2338 excepto
1448 2302 1463 2329 ‚
1506 2257 1660 2337 quod
1700 2254 1748 2316 si
1780 2254 1995 2318 scribat
2021 2255 2141 2336 regi
2170 2255 2519 2321 Francorum
2550 2252 2644 2312 vel

315 2360 359 2423 J
358 2360 804 2437 erosolimortm,
836 2359 1078 2443 apponit
1105 2361 1238 2423 viro
1269 2359 1576 2440 catholico.
1616 2361 1786 2425 Unde
1816 2360 1865 2423 si
1896 2360 2111 2423 scribat
2137 2359 2257 2442 regi
2276 2361 2647 2435 Francorum,

286 2462 424 2529 ‘sicz
456 2466 665 2531 dilecto
678 2467 834 2549 filio,
864 2468 999 2529 viro
1031 2466 1321 2535 catholico
1349 2464 1666 2552 Philippo,
1698 2466 2101 2531 Francorum
2130 2469 2277 2549 regi.
2340 2465 2404 2531 Si
2434 2466 2666 2531 scribat-

318 2572 436 2654 regi
466 2573 947 2648 Ierosolimorum‚
975 2572 1176 2635 scribit
1205 2572 1314 2635 sic:
1353 2574 1484 2635 viro
1527 2572 1815 2638 catholico
1859 2571 2153 2649 Gnidoni,
2182 2575 2317 2655 reyi
2358 2570 2648 2635 Ierosoli-

317 2700 579 2742 morum.
639 2677 836 2750 Quare
865 2678 1006 2742 istos
1036 2677 1228 2762 potius
1256 2688 1422 2741 vocet
1437 2677 1593 2741 viros
1610 2679 1939 2754 catholicos
1969 2680 2078 2743 hec
2094 2689 2183 2742 est
2200 2700 2391 2743 causa.
2422 2680 2643 2761 Regem

315 2787 668 2848 Francorum
696 2792 868 2849 vocat
893 2784 1086 2847 virum
1115 2782 1544 2872 catholicum4),
1576 2785 1714 2867 quia
1744 2786 2041 2869 nunquam
2071 2786 2253 2849 defuit
2266 2786 2533 2851 Romane
2552 2806 2647 2849 ec-

316 2891 513 2965 clesie3
545 2910 736 2972 regem
764 2889 1224 2954 Ierosolimorum
1254 2890 1398 2965 ideo,
1429 2883 1584 2973 quod
1613 2891 1829 2973 clipeus
1859 2901 1948 2954 est
1976 2901 2168 2955 nostre
2196 2892 2347 2955 fidei.
2408 2891 2473 2957 Si
2491 2912 2649 2975 papa

195 2984 200 2987 ¹
319 2996 533 3059 scribat
562 2996 734 3060 alicui
763 2996 957 3060 comiti
985 2996 1081 3058 vel
1112 2996 1248 3083 duci·
1269 2996 1365 3057 vel
1397 2996 1714 3059 marchioni
1743 2997 1839 3058 vel
1870 2997 2187 3061 castellano
2199 2994 2275 3083 5),
2312 3008 2485 3061 vocat
2512 3018 2643 3060 eum

317 3100 601 3166 dilectum
615 3101 832 3186 filium
860 3112 921 3165 et
949 3101 1192 3185 apponit
1219 3104 1351 3164 viro
1377 3100 1582 3176 nobili,
1614 3103 1724 3165 sic:
1769 3102 1981 3166 dilecto
1996 3103 2153 3187 filio,
2182 3105 2317 3167 viro
2345 3102 2533 3173 nobili
2556 3103 2667 3167 R..

317 3207 653 3289 Aquitamie
679 3208 838 3273 duo-i.
900 3208 996 3271 Sic
1023 3207 1186 3281 dicit,
1218 3208 1266 3269 si
1296 3208 1512 3299 scribat
1540 3208 1743 3271 baroni
1772 3210 1870 3271 vel
1898 3208 2027 3273 duci
2058 3211 2153 3273 vel
2182 3209 2517 3275 marchioni.
2579 3209 2644 3274 Si

317 3314 532 3401 scribat
559 3314 740 3396 nobili
769 3298 1021 3387 mulierij
1050 3322 1224 3376 vocat
1265 3333 1396 3375 eam
1441 3313 1725 3377 dilectam
1752 3313 1968 3397 filiam
2014 3326 2074 3378 et
2116 3315 2360 3398 apponit
2402 3315 2652 3380 mulieri

317 3406 520 3484 nobili.
580 3420 645 3483 Si
675 3422 891 3484 scribat
919 3418 1166 3501 simplici
1198 3418 1402 3493 militi,
1451 3429 1623 3482 vocat
1666 3440 1798 3482 eum
1842 3420 2128 3485 dilectum
2154 3420 2371 3505 filium
2398 3430 2647 3497 tantum.

320 3524 386 3589 Si
416 3527 630 3591 scribat
671 3525 845 3588 alicui
887 3524 1178 3608 preposito
1225 3524 1321 3587 vel
1364 3526 1685 3589 senescallo
1732 3526 1830 3588 vel
1872 3526 2175 3609 stratigoto
2186 3526 2239 3612 ⁶)
2286 3528 2381 3590 vel
2428 3528 2650 3603 maiori,

319 3640 490 3693 vocat
518 3651 650 3694 eum
680 3630 964 3694 dilectum
979 3629 1193 3714 filium
1221 3639 1281 3724 et
1309 3650 1424 3693 non
1453 3641 1611 3695 tacet
1640 3631 1763 3695 eius
1791 3632 2135 3715 dignitatem
2148 3680 2165 3707 ,
2213 3643 2309 3709 ut,
2356 3634 2406 3697 si
2435 3636 2651 3699 scribat
2664 3690 2681 3703 ,.

321 3735 609 3817 preposito
638 3736 1060 3812 Aurelianensi,
1091 3737 1289 3800 scribit
1317 3737 1424 3800 sic:
1457 3737 1667 3802 dilecto
1682 3737 1823 3822 filio
1854 3737 1919 3803 Ο.
1956 3738 2399 3804 Awrelianensi
2417 3761 2647 3825 prepo—

320 3843 450 3906 sito.
511 3838 575 3902 Si
603 3842 817 3905 scribat
844 3843 1069 3907 mulieri
1099 3842 1354 3926 ignobili,
1386 3853 1555 3907 vocat
1586 3864 1718 3907 eam
1747 3844 2034 3909 dilectam
2049 3845 2265 3929 filiam
2293 3856 2541 3910 tantum.
2582 3846 2647 3911 Si

321 3944 568 4028 simplici
596 3945 720 4010 viro
747 3949 845 4010 vel
871 3951 1098 4025 rustico,
1129 3959 1363 4012 tantum
1391 3960 1564 4015 vocat
1594 3971 1727 4013 eum
1757 3949 2044 4014 dilectum
2058 3949 2291 4034 filium.

497 4052 629 4114 Hoc
656 4070 881 4133 quoque
911 4055 1202 4118 sciendum
1231 4066 1346 4131 est,
1385 4060 1539 4139 quod
1567 4056 1834 4119 dominus
1863 4077 2022 4141 papa
2064 4078 2169 4121 nec
2210 4060 2281 4121 de
2324 4078 2385 4121 se
2426 4078 2531 4122 nec
2576 4061 2648 4122 de

320 4157 437 4221 alio
466 4157 607 4223 dicit
633 4157 734 4222 dei
753 4160 970 4240 ¹qratia
980 4178 1004 4233 ;
1034 4161 1106 4222 de
1135 4181 1195 4223 se
1225 4182 1340 4228 non
1369 4162 1507 4226 dicit
1535 4183 1711 4227 causa
1739 4162 2105 4227 humilitatis.
