3144 4821
1469 325 1911 390 ...14-

523 503 759 588 datam)
816 523 918 589 per
977 504 1474 588 prothonotarium
1535 515 1595 566 et.
1652 524 1861 568 nomen
1903 524 2073 568 suum
2116 503 2179 566 in
2229 503 2347 566 illis
2402 523 2579 568 manu
2624 503 2863 586 propria

519 612 818 675 scribatur.
994 656 1003 662 -

697 719 846 780 Item
877 715 1342 800 prothonotarius
1372 715 1617 778 habebit
1644 725 1960 797 regestrum
1989 716 2049 778 in
2080 715 2425 778 cancellaria
2452 732 2557 797 pro
2578 717 2856 780 habenda

519 823 733 896 noticia
770 823 1128 904 negociorum
1158 831 1216 885 et
1245 821 1674 904 precedencium
1702 822 2043 897 litterarum,
2074 843 2146 884 ne
2176 831 2449 904 sequatur
2478 821 2853 885 contradictio

519 930 617 992 vel
646 928 950 992 diversitas
976 929 1036 991 in
1065 928 1273 991 litteris
1303 928 1593 991 faciendis,

697 1036 848 1097 Item
877 1052 1007 1097 cum
1037 1033 1339 1096 mittentur
1368 1033 1601 1097 domino
1631 1033 1765 1114 regi·
1798 1033 2003 1107 littere,
2044 1042 2303 1096 servetur
2342 1032 2437 1094 hic
2479 1034 2686 1100 modus
2699 1080 2715 1107 ‚
2759 1033 2853 1096 vi-

519 1140 727 1203 delicet
767 1140 815 1202 si
845 1150 981 1202 sunt
1009 1139 1202 1202 lictere
1231 1159 1362 1202 cum
1393 1139 1631 1214 nunciiS,
1661 1139 1761 1220 qui
1791 1138 1949 1220 loqui
1980 1139 2241 1200 habeant
2270 1156 2441 1220 super
2468 1138 2553 1202 eis
2582 1159 2657 1202 ex
2686 1149 2850 1220 parte

519 1245 897 1320 mittencium‚
927 1246 1117 1309 littere
1145 1245 1270 1327 ipse
1311 1245 1677 1327 assignentur
1720 1245 2010 1326 logothete
2024 1291 2041 1318 ‚
2085 1246 2183 1326 qui
2223 1244 2443 1308 nunciis
2484 1246 2852 1327 respondebit

517 1363 782 1416 oretenus
811 1361 873 1418 et
899 1351 1070 1415 faciet
1100 1351 1324 1414 litteras
1351 1351 1713 1432 responsales
1742 1370 1841 1412 eas
1870 1348 2237 1413 mittentibus
2269 1350 2597 1413 huiusmodi
2609 1370 2850 1433 respon-

516 1458 663 1523 sioni
691 1460 1021 1532 concordes3
1067 1457 1117 1519 si
1159 1474 1294 1520 vero
1341 1457 1532 1519 littere
1580 1459 1706 1538 ipse
1747 1456 1921 1518 misse
1964 1465 2101 1518 sunt
2144 1455 2267 1519 sine
2298 1457 2518 1520 nunciis
2547 1457 2706 1538 loqui
2737 1458 2849 1520 ha-

516 1565 804 1639 bentibus,
833 1584 945 1647 que
974 1573 1111 1625 sunt
1139 1565 1210 1625 de
1238 1563 1424 1627 officio
1453 1562 1904 1645 prothonotarii,
1934 1561 2297 1643 assignentur
2338 1561 2449 1625 sibi
2461 1582 2479 1638 ;
2518 1562 2697 1626 eciam
2738 1583 2848 1644 que

445 1712 451 1716 -
513 1680 651 1732 sunt
679 1672 751 1733 de
780 1670 964 1733 officio
993 1669 1258 1743 aliorum,
1289 1668 1654 1750 assignentur
1667 1667 1750 1751 17)
1794 1668 2007 1730 eisdem
2036 1686 2141 1749 pro
2183 1668 2613 1750 responsalibus
2643 1670 2851 1732 exinde

512 1775 802 1839 faciendis.
863 1777 943 1840 Et
983 1775 1033 1837 si
1077 1775 1268 1838 littere
1310 1775 1434 1856 ipse
1475 1775 1809 1856 pervenient
1834 1773 2009 1836 alicui
2039 1774 2440 1856 predictorum,
2470 1795 2583 1856 que
2610 1777 2688 1837 ad
2716 1775 2848 1838 offi-

511 1882 663 1946 cium
693 1879 931 1945 alterius
960 1882 1263 1963 pertinent,
1295 1882 1497 1944 statim
1528 1902 1630 1944 eas
1659 1880 1771 1942 sibi
1801 1882 2014 1944 debeat
2041 1881 2327 1962 resignare
2340 1878 2439 1964 l⁸⁵).

689 1990 840 2052 Item
869 1987 1076 2050 divisio
1103 1987 1473 2062 notariorum,
1499 1987 1599 2069 qui
1630 1986 1800 2049 hodie
1830 1995 1966 2048 sunt
1996 1986 2057 2049 in
2086 1986 2243 2049 curia
2286 1996 2347 2050 et
2388 1984 2659 2068 quociens
2702 2006 2847 2068 opus

452 2179 456 2184 Ι
517 2094 624 2158 erit
653 2112 757 2178 pro
787 2093 952 2156 novis
981 2093 1182 2157 officiis
1211 2093 1381 2167 curie,
1411 2094 1519 2156 fiat
1545 2111 1739 2156 coram
1770 2092 2000 2154 domino
2029 2109 2177 2174 rege.

694 2203 845 2264 Item
875 2210 1001 2264 tam
1030 2200 1499 2281 prothonotarius
1512 2197 1595 2284 1⁹)
1626 2218 1803 2281 quam
1834 2198 2095 2280 magistri
2137 2199 2455 2261 racionales
2498 2206 2559 2260 et
2586 2197 2717 2272 alii,
2748 2198 2848 2279 qui

514 2316 753 2388 presunt
781 2306 982 2368 officiis
1023 2311 1082 2367 et
1105 2305 1360 2379 notariis,
1389 2307 1651 2368 habeant
1680 2304 2023 2368 coercionem
2055 2303 2321 2390 super20)
2353 2303 2606 2378 notariiS‚
2636 2303 2736 2385 qui
2767 2303 2849 2366 eis

514 2413 737 2474 habent
763 2412 1011 2487 obedire,
1041 2410 1099 2474 in
1129 2409 1470 2493 inponendis
1499 2410 1717 2473 scilicet
1744 2420 1805 2474 et
1833 2410 2127 2493 exigendis
2155 2412 2251 2474 vel
2280 2410 2433 2493 exigi
2458 2409 2735 2475 faciendis
2767 2414 2847 2473 ab

514 2519 598 2581 eis
641 2536 745 2599 pro
788 2528 954 2599 parte
995 2518 1145 2581 curie
1189 2515 1354 2599 penis
1397 2516 1626 2579 levibus
1656 2537 1731 2579 ex
1760 2518 1909 2579 falsa
1953 2513 2348 2597 grammatica,
2386 2517 2538 2580 falsa
2566 2516 2847 2597 scriptura

513 2618 610 2687 ¹vel
641 2626 866 2687 defectu
894 2624 1160 2687 veniendi
1188 2624 1249 2685 in
1280 2633 1536 2704 tempore
1564 2641 1758 2685 coram
1789 2623 1872 2686 eis
1900 2632 2006 2685 aut
2034 2622 2363 2686 huiusmodi
2392 2622 2628 2685 talibus.

690 2732 842 2793 Item
870 2730 1337 2813 prothonotarius
1366 2729 1612 2791 habebit
1641 2729 1785 2791 duos
1814 2729 2111 2792 continuos
2140 2729 2444 2810 scriptores
2456 2745 2561 2810 pro
2578 2727 2838 2791 notandis

511 2847 572 2899 et
613 2836 938 2918 grossandis
980 2835 1204 2910 litteris,
1246 2856 1359 2918 que
1387 2833 1535 2897 fiunt
1562 2836 1623 2896 in
1652 2855 1756 2898 suo
1785 2835 2059 2916 hospicio.

689 2944 771 3005 Et
798 2933 1064 3005 dominus
1092 2960 1196 3005 rex
1222 2951 1478 3004 reservat
1507 2941 1638 3015 sibi,
1669 2944 1823 3024 quod
1851 2941 2051 3023 possit,
2081 2941 2130 3005 si
2159 2941 2423 3016 voluerit,
2455 2940 2714 3024 predicta
2744 2939 2839 3001 vel

512 3047 714 3130 aliqua
759 3067 836 3110 ex
864 3046 946 3110 eis
988 3047 1260 3129 corrigere
1277 3094 1294 3122 ‚
1338 3048 1655 3122 declarare,
1698 3048 2008 3110 immutare
2046 3048 2141 3111 vel
2189 3049 2415 3111 demere
2463 3068 2567 3110 seu
2607 3047 2730 3110 alia
2772 3048 2843 3108 de

512 3173 667 3217 novo
703 3156 912 3217 addere
927 3200 944 3227 ‚
987 3163 1159 3235 prout
1200 3156 1272 3216 de
1315 3175 1421 3217 sua
1450 3153 1787 3235 processerit
1814 3154 2152 3216 voluntate²
2165 3152 2229 3238 l).

688 3332 738 3390 a)
773 3329 1111 3381 Ebendorther
1168 3331 1205 3379 f.
1259 3326 1295 3377 7
1296 3328 1348 3379 0'
1401 3330 1453 3379 ff.
1516 3346 1592 3379 nr.
1646 3326 1735 3383 82.
1807 3328 1928 3379 Dies
1976 3329 2123 3379 stiick
2169 3328 2345 3397 gehurt
2390 3344 2453 3379 zu
2504 3330 2665 3382 denen
2678 3366 2693 3389 ,
2745 3344 2842 3380 von

510 3416 732 3471 welchen
765 3431 820 3469 es
855 3418 985 3469 nach
1020 3419 1132 3468 dem
1169 3417 1392 3469 schlusse
1437 3432 1534 3467 von
1582 3432 1654 3467 nr.
1709 3413 1779 3465 68
1829 3417 2008 3468 heisst:
2058 3418 2411 3483 ,Iun-ascripta
2454 3418 2672 3483 capitula
2709 3419 2841 3469 facta

507 3511 626 3557 sunt
671 3505 805 3570 apud
851 3500 1070 3557 'tranum
1119 3521 1208 3572 per
1268 3506 1522 3557 dominum
1578 3505 1827 3557 Kar-olum
1885 3520 2054 3573 regem
2100 3504 2268 3557 Sicine
2314 3506 2368 3557 in
2420 3506 2527 3557 eius
2573 3507 2841 3571 presencia-

509 3600 736 3658 presente
783 3608 976 3660 quoque
1012 3595 1208 3644 domino
1245 3594 1512 3645 Guillelmo
1549 3595 1612 3644 de
1647 3594 1789 3645 Bello
1826 3599 1995 3646 monte
2030 3595 2253 3652 amirato,
2290 3594 2484 3647 domino
2522 3594 2743 3645 Goffrido
2778 3574 2839 3643 de

508 3668 730 3733 sardinis
765 3683 1033 3734 senescallo
1047 3718 1062 3743 ,
1112 3683 1310 3733 domino
1345 3682 1562 3733 Roberto
1600 3682 1661 3732 de
1695 3683 1825 3733 Baro
1860 3682 2224 3748 prothonotario
2259 3684 2399 3749 regni
2433 3680 2615 3733 Sicilie.
2630 3689 2652 3713 ‘
2724 3682 2841 3733 Von

509 3769 604 3821 den
655 3776 941 3836 genannten
976 3770 1220 3821 erscheint
1253 3770 1340 3820 der
1375 3771 1587 3820 admiral
1627 3772 1867 3821 wilhelm
1912 3782 2008 3821 von
2055 3771 2335 3827 Beaumont
2373 3772 2425 3825 in
2470 3771 2653 3822 diesem
2691 3776 2840 3827 amte,

504 3856 598 3911 das
645 3872 698 3907 er
745 3858 864 3908 aber
909 3858 1062 3908 sehon
1111 3859 1272 3927 einige
1319 3858 1415 3908 zeit
1457 3858 1647 3927 gehabt
1680 3860 1845 3911 haben
1893 3874 2044 3918 muas,
2086 3855 2221 3907 1269
2258 3864 2393 3907 murz
2432 3855 2513 3907 15.
2549 3859 2653 3909 und
2688 3873 2741 3910 er
2776 3859 2841 3907 ist

509 3952 638 3996 etv:
672 3961 734 3996 zu
774 3946 898 3997 ende
933 3944 1020 3996 des
1053 3948 1160 3997 iuni
1185 3947 1454 4013 gestorben
1487 3961 1528 3997 s.
1563 3947 1975 4011 Minieri-Riceio‚
2015 3946 2193 4014 grandi
2232 3945 2388 3997 uffizii
2417 3961 2465 4010 p.
2504 3940 2599 4005 19;
2637 3945 2853 3996 Goffred*

505 4050 602 4084 von
651 4031 871 4092 Samius,
922 4033 1009 4084 der
1056 4036 1268 4102 anfangs
1321 4031 1460 4084 1270
1507 4036 1645 4087 starb
1663 4070 1679 4093 ,
1726 4051 1831 4085 war
1859 4035 2123 4098 jedenfalls
2159 4033 2312 4085 sehon
2346 4035 2417 4083 im
2452 4048 2664 4085 summer
2700 4029 2839 4079 1268

505 4123 796 4181 seneschffl,
833 4122 948 4171 ibid.
990 4139 1040 4188 p.
1070 4120 1202 4183 2033
1239 4124 1428 4175 Robert
1453 4139 1548 4175 von
1592 4124 1728 4181 Bari,
1765 4124 1853 4174 der
1878 4122 2158 4189 gleichfalls
2192 4138 2254 4173 zu
2288 4124 2477 4191 anfang
2515 4118 2651 4169 1270
2684 4118 2837 4176 stab,

423 4281 441 4295 ·
504 4225 608 4259 war
641 4212 735 4260 seit
775 4205 908 4258 1265
945 4217 1226 4275 protonotar
1257 4226 1485 4278 gewesen
1499 4248 1514 4270 ‚
1562 4212 1682 4261 ibid.
1718 4227 1767 4276 p.
1809 4208 1926 4259 125.
1998 4210 2234 4262 Dar-nach
2270 4216 2471 4263 miissen
2506 4210 2583 4259 die
2618 4212 2839 4257 statuten

3092 745 3094 795 ι

3091 810 3094 882 l
