3144 4821
1402 232 1845 298 -16—

459 436 522 478 a„
575 432 722 484 super
768 418 818 467 b.
883 443 945 452 —
1010 415 1075 476 2¹)
1130 415 1182 464 in
1231 383 1284 462 ⁴b.
1339 411 1564 462 schliesst
1616 411 1723 461 sich
1771 411 1970 460 hieran:
2009 445 2031 468 ,
2044 410 2680 478 sigillabit—signaverunt
2716 407 2787 476 (in

457 525 503 562 a.
542 508 616 557 als
653 512 805 557 erster
839 505 1006 554 absatz
1041 504 1126 553 der
1162 501 1425 568 folgenden
1466 500 1693 566 ordnung
1735 499 1819 549 des
1860 498 2100 556 kambr-s,
2136 513 2176 548 s.
2221 496 2311 566 u.).
2384 497 2787 548 Prothonotarius

456 596 621 645 habet*
643 595 798 644 eciam
838 590 1408 642 officium-cancellarii
1454 586 1527 655 (in
1561 604 1608 636 a.
1646 587 1721 637 als
1761 587 1929 636 letzter
1963 587 2130 636 absatz
2156 588 2291 636 einer
2312 586 2544 636 fruhoren
2580 586 2791 636 kanzlei·

457 681 699 749 ordnung,
735 697 778 733 s.
812 696 856 730 o.
894 694 966 728 nr.
1007 675 1040 723 2
1076 692 1115 728 s.
1158 675 1296 744 12).‹

560 877 562 880 ‚
593 895 658 960 4.
704 890 932 954 Karl’s
961 889 1013 964 I.
1045 889 1335 971 ordnuny
1350 875 1475 971 far
1503 889 1623 952 das
1652 897 1787 954 cvmt
1814 887 1919 950 deo
1951 887 2268 972 kambam.
2328 885 2569 964 (Tram'
2614 889 2790 950 1268

710 1000 876 1080 nov.)

740 1119 1012 1182 Officium
1041 1117 1365 1182 cancellarii
1395 1120 1710 1181 secundum
1739 1120 1984 1181 eundem
2013 1138 2228 1181 novum
2257 1121 2509 1181 modum.

637 1243 936 1325 Sigillabit
949 1241 1014 1326 l),
1044 1262 1224 1324 quam
1251 1243 1520 1304 secretius
1549 1243 1661 1304 sibi
1690 1242 1988 1324 placuerit,
2016 1243 2242 1305 litteras
2284 1243 2469 1323 regias
2512 1251 2571 1303 et
2608 1241 2792 1324 privi-

460 1352 612 1434 legia
639 1348 834 1414 omnia
864 1351 974 1410 sub
992 1348 1164 1410 titulo
1193 1347 1348 1428 regio
1377 1347 1556 1409 missa
1586 1348 1696 1410 sibi
1738 1351 1849 1410 sub
1892 1349 2069 1430 siguis
2114 1349 2348 1411 illorum
2366 1395 2381 1422 ‚
2426 1350 2502 1410 ad
2546 1365 2790 1430 quorum

460 1457 714 1521 officium
742 1455 1047 1537 pertinent,
1079 1462 1140 1515 et
1168 1453 1216 1515 si
1248 1455 1390 1516 forte
1420 1455 1481 1516 in
1511 1455 1593 1516 eis
1624 1464 1908 1535 appareat
1936 1453 2147 1537 aliquis
2192 1473 2373 1529 error,
2404 1456 2658 1516 defectus
2687 1463 2792 1516 aut

460 1563 720 1636 dubium,
749 1563 1004 1624 conferat
1031 1560 1164 1622 inde
1194 1579 1325 1621 cum
1353 1559 1458 1622 illo
1487 1558 1584 1621 vel
1614 1560 1760 1635 illis,
1806 1561 1905 1643 qui
1943 1562 2343 1642 signaverunt,
2388 1569 2447 1622 et
2489 1561 2539 1622 si
2582 1560 2794 1648 fuerint

459 1668 706 1733 invicem
751 1667 810 1729 in
855 1661 984 1748 ipsa
1028 1665 1340 1728 collacione
1383 1669 1684 1729 concordes
1698 1714 1713 1741 ,
1773 1666 2057 1748 sigillabit
2098 1688 2196 1743 ea;
2241 1668 2290 1729 si
2336 1685 2471 1728 vero
2514 1666 2792 1729 dissensio

461 1757 756 1839 duraverit
783 1773 1075 1846 intereos,
1106 1780 1425 1834 recurratur
1455 1775 1530 1834 ad
1561 1773 1859 1835 dominum
1888 1791 2079 1854 regem
2109 1774 2344 1835 insimul
2374 1791 2475 1854 per
2502 1773 2793 1834 cancella-

459 1883 610 1945 rium
629 1891 708 1944 et
753 1880 923 1950 illum
965 1879 1063 1940 vel
1104 1878 1262 1952 illos,
1308 1878 1406 1959 qui
1451 1879 1839 1959 signaverunt.

585 2010 595 2022 ³
637 1985 1116 2053 Prothonotarius
1157 1985 1394 2065 recipiet
1435 2005 1635 2048 omnes
1665 1985 1976 2067 peticiones
2010 2020 2090 2032 —-
2124 2021 2211 2033 —
2244 2022 2325 2033 —
2359 2005 2433 2052 ex
2470 1985 2671 2067 aliqua
2699 1985 2792 2047 in-

463 2096 674 2169 stanti,
717 2103 784 2157 ut
825 2110 1001 2174 supra
1030 2109 1132 2172 per
1161 2099 1350 2152 totum
1361 2088 1428 2174 ²).
1832 2169 1839 2174 ῃ

641 2204 792 2265 Item
821 2189 1196 2262 cancellarius
1223 2197 1545 2278 assignabit
1555 2195 1606 2282 3)
1649 2218 1724 2260 ex
1765 2209 1933 2280 parte
1970 2198 2118 2278 regis
2148 2199 2358 2262 librum
2390 2198 2621 2262 licencie
2648 2201 2793 2262 reci-

465 2309 756 2392 pientibus
786 2314 1130 2368 conventum
1159 2304 1219 2364 in
1249 2303 1407 2365 curia
1435 2305 1585 2384 regis
1614 2313 1673 2364 et
1715 2304 1982 2386 disponet
2028 2307 2098 2367 de
2140 2304 2520 2379 stacionariiS‚
2565 2305 2795 2368 bidellis

466 2427 524 2479 et
563 2415 696 2477 aliis
725 2412 992 2475 omnibus
1005 2457 1021 2484 ,
1046 2430 1193 2492 ,que-
1208 2412 1285 2472 ad
1315 2409 1736 2472 ordinacionem
1768 2421 1829 2472 et
1856 2407 2113 2495 curam4)
2144 2412 2319 2474 studii
2348 2412 2629 2493 pertinere
2658 2433 2797 2476 nos-

463 2529 682 2584 cuntur.

643 2627 715 2688 In
744 2622 1060 2711 privilegiis
1087 2622 1356 2684 omnibus
1385 2622 1759 2685 concessionis
1790 2633 1937 2685 terre
1967 2633 2211 2705 ponetur
2250 2627 2395 2687 data
2440 2642 2542 2706 per
2587 2645 2793 2687 manus

464 2726 789 2797 cancellarii
818 2740 878 2793 et
905 2727 1340 2811 prothonotarii.
1399 2730 1469 2789 In
1512 2728 1713 2791 ceteris
1750 2738 1948 2791 autem
1978 2729 2185 2825 litteris
2214 2740 2459 2811 ponetur
2488 2733 2597 2793 hoc
2624 2732 2789 2793 modo

465 2842 623 2912 data,
667 2836 881 2899 scilicet
907 2836 968 2897 in
997 2834 1132 2909 illis,
1162 2854 1273 2917 que
1305 2835 1443 2896 fient
1472 2852 1575 2915 per
1602 2834 2099 2916 prothonotarium
2110 2832 2179 2919 5),
2226 2846 2471 2917 ponetur
2510 2839 2651 2899 data
2694 2853 2795 2918 per

465 2965 598 3008 eum
616 2953 676 3007 et
687 2962 895 3006 nomen
923 2962 1093 3004 suum
1121 2961 1300 3003 manu
1329 2962 1437 3003 sua
1466 2940 1760 3004 scribetur.
1791 2943 1862 3004 In
1891 2942 2116 3015 litteris
2138 2962 2247 3023 que
2277 2943 2416 3004 fient
2446 2960 2547 3023 per
2576 2942 2795 3023 magis-

465 3060 584 3114 tros
613 3049 946 3122 racionaleS,
990 3057 1240 3128 ponatur
1269 3050 1410 3109 data
1440 3066 1542 3128 per
1571 3048 1877 3129 magistros
1908 3048 2225 3112 racionales
2254 3058 2313 3110 et
2340 3048 2456 3110 ista
2483 3044 2665 3110 verba
2694 3068 2796 3131 per

465 3156 770 3239 magistros
799 3152 1114 3216 racionales
1135 3153 1457 3215 scribantur
1487 3174 1668 3216 manu
1696 3154 1855 3217 illius
1885 3176 1960 3217 ex
1990 3156 2098 3229 eiS‚
2131 3155 2230 3237 qui
2260 3154 2381 3217 sive
2412 3175 2487 3217 ex
2515 3157 2795 3219 mandato

464 3252 632 3343 regio*
648 3262 758 3324 sibi
789 3262 940 3323 facto
970 3259 1092 3321 sive
1122 3279 1196 3321 ex
1225 3259 1408 3322 officio
1439 3258 1807 3344 principalior
1817 3257 1867 3343 6)
1897 3261 2067 3322 fuerit
2107 3260 2167 3323 in
2210 3264 2539 3324 mandando
2570 3261 2795 3325 litteras

466 3369 640 3450 ipsas,
683 3367 822 3448 quia
833 3364 880 3449 7)
923 3365 1054 3427 inde
1069 3412 1085 3437 ‚
1143 3365 1192 3427 si
1235 3385 1380 3445 opus
1411 3376 1563 3427 esset
1578 3412 1594 3439 ,
1650 3366 1861 3428 cercius
1904 3368 2285 3447 respondebit.
2348 3370 2427 3430 Et
2466 3368 2528 3431 in
2571 3368 2794 3444 litteris

467 3494 578 3556 que
619 3474 760 3534 fient
801 3490 904 3553 per
947 3472 1287 3552 magistrum
1347 3471 1725 3534 iusticiarium
1790 3480 1849 3533 et
1920 3472 2131 3535 iudices
2145 3520 2161 3547 ,
2215 3483 2463 3554 ponatur
2504 3476 2647 3536 data
2692 3493 2795 3556 per

467 3580 809 3660 magistrum
837 3576 1214 3640 iusticiarium
1245 3587 1303 3639 et
1332 3577 1544 3640 iudices
1574 3586 1635 3639 et
1662 3578 1777 3640 ista
1806 3578 2092 3641 vocabula
2102 3575 2151 3661 8)
2182 3578 2504 3641 scribantur
2531 3597 2635 3659 per
2664 3600 2795 3641 ma-

467 3706 576 3747 nus
606 3684 814 3747 notarii
843 3692 1117 3746 actorum.
1160 3684 1239 3743 Et
1269 3684 1378 3745 hoc
1406 3684 1596 3745 iddem
1629 3694 1885 3746 servetur
1912 3684 1972 3746 in
2002 3666 2276 3745 faciendis
2298 3683 2503 3745 litteris
2518 3664 2619 3765 per
2631 3683 2795 3767 logo-

469 3792 704 3853 thetam
727 3792 802 3851 ad
833 3808 966 3851 eum
996 3788 1391 3870 spectantibus
1421 3798 1481 3850 et
1510 3808 1613 3870 per
1641 3790 1931 3871 grafferios
1960 3791 2031 3851 de
2060 3788 2481 3869 pertinentibus
2510 3791 2587 3852 ad
2600 3809 2795 3854 eorum

469 3878 735 3960 officium.

643 4003 791 4062 Item
836 4003 910 4061 ad
956 4001 1230 4062 maiorem
1273 4000 1562 4063 cautelam
1606 4020 1805 4063 omnes
1847 4000 2085 4073 notarii,
2134 4002 2233 4081 qui
2275 4003 2530 4064 fecerunt
2574 4003 2797 4083 litteras

467 4107 650 4186 regias
667 4152 683 4179 ‚
725 4105 1100 4167 subscribant
1130 4108 1364 4168 nomina
1395 4126 1589 4168 eorum
1623 4127 1799 4168 manu
1828 4106 2059 4188 propria
2088 4105 2145 4168 in
2178 4107 2408 4169 eisdem.
