3144 4821
1381 240 1824 304 -20-

435 414 555 476 sine
598 416 1044 506 consciencia27)
1077 419 1292 482 domini
1321 420 1485 502 regis,
1515 430 2024 502 quantumcunque
2062 418 2123 482 in
2166 438 2236 480 ea
2275 415 2574 498 impressio
2602 415 2767 478 anuli

433 519 570 582 dicti
582 517 668 605 ²⁸)
698 525 1114 603 prothonotarii
1144 536 1204 587 et
1233 526 1414 608 ipsius
1442 527 1738 608 inscripcio
1750 529 1774 568 2
1786 524 1835 611 ⁹)
1866 527 2166 588 habeatur.

611 629 930 692 Peticiones
959 632 1302 713 recipientur
1331 650 1434 713 per
1462 632 1649 706 illum,
1681 652 1854 715 quem
1884 631 2151 695 dominus
2180 649 2284 692 rex
2312 631 2389 692 ad
2415 630 2525 690 hoc
2538 627 2769 692 duxerit

434 734 847 814 deputandum.
909 736 1020 799 Ille
1049 755 1209 811 vero,
1240 739 1339 820 qui
1368 739 1681 820 peticiones
1708 738 1943 820 recipiet
1956 785 1971 812 ,
2016 732 2371 820 quolibet30)
2400 752 2527 796 sero
2556 733 2768 796 distin-

436 848 573 918 guet
615 861 715 902 eas
744 851 804 903 et
842 842 979 904 illas
1021 844 1092 905 de
1121 843 1349 906 iusticia
1378 844 1577 906 mittat
1606 844 2075 927 prothonotario³
2088 841 2136 928 1)
2166 841 2592 904 distribuendas
2619 839 2769 902 inter

435 945 721 1020 notarios3
783 950 1106 1011 referendas
1161 968 1298 1014 vero
1355 950 1508 1032 leget
1549 952 1782 1014 domino
1831 951 1949 1032 regi
1992 959 2053 1012 et
2095 967 2390 1012 concessas
2446 944 2772 1027 assignabit

433 1037 867 1130 prothonotario
895 1054 1043 1117 inter
1069 1056 1323 1118 notarios
1351 1057 1706 1119 dividendas.

612 1157 842 1221 Notarii
871 1158 1164 1245 autem⁸²)
1194 1173 1393 1225 omnes
1423 1162 1665 1238 litteras,
1695 1172 2005 1244 postquam
2034 1182 2135 1224 eas
2164 1160 2413 1234 fecerint,
2451 1103 2772 1240 portabunt

434 1265 510 1324 ad
542 1267 1040 1345 prothonotarium
1071 1277 1131 1330 et
1172 1269 1641 1350 prothonotarius
1676 1269 2043 1331 examinatas
2088 1285 2192 1350 per
2237 1262 2527 1348 ipsumssss)
2574 1263 2772 1326 mittet

435 1371 776 1434 cancellario
802 1373 1061 1454 signatas
1078 1376 1254 1437 anulo
1284 1385 1342 1436 et
1371 1375 1677 1457 inscriptas
1688 1372 1790 1455 ⁸4),
1822 1383 1888 1437 ut
1916 1373 2177 1456 superius
2208 1381 2296 1435 est
2324 1388 2676 1453 expressum.

614 1479 685 1539 In
729 1478 1114 1565 potestate35)
1160 1491 1358 1544 autem
1389 1481 1496 1544 erit
1525 1481 1851 1545 cancellarii
1880 1480 2198 1544 cancellare
2228 1488 2333 1542 aut
2361 1478 2633 1558 corrigere
2661 1475 2770 1536 lit-

437 1589 592 1643 teras
605 1629 621 1656 2
664 1583 966 1670 vocato-³⁶)
996 1589 1432 1668 prothonotario
1475 1597 1535 1650 et
1576 1588 1885 1652 collacione
1924 1605 2095 1668 super
2123 1586 2243 1648 illis
2271 1585 2480 1648 habita
2508 1602 2639 1646 cum
2669 1600 2771 1642 eo-

435 1689 585 1762 dem,
615 1692 770 1771 quod
797 1691 846 1752 si
875 1693 1112 1774 aliquod
1128 1694 1372 1756 dubium
1399 1695 1461 1756 in
1488 1694 1978 1776 correpcionibus³
1990 1691 2039 1778 ⁷)
2051 1692 2360 1767 emerserit,
2388 1687 2771 1754 adconscien-

437 1793 587 1856 ciam
618 1797 835 1859 domini
863 1799 1012 1879 regis
1041 1797 1468 1884 deducatur88).

593 1901 834 1966 Omnes
861 1904 1094 1988 insuper
1105 1907 1296 1970 littere
1314 1916 1441 1970 tam
1456 1916 1726 1990 patentes
1744 1925 1922 1989 quam
1940 1905 2151 1979 clause,
2181 1925 2292 1986 que
2309 1906 2537 1985 pondus
2551 1901 2773 1981 impor-

439 2013 584 2081 tant,
615 2011 1094 2095 regestrentur⁸⁹)
1127 2013 1187 2075 in
1216 2013 1403 2076 tribus
1431 2010 1812 2096 regem-1⁸40),
1858 2029 2101 2094 quorum
2146 2030 2325 2073 unum
2367 2011 2589 2072 habeat
2628 2025 2771 2070 can-

435 2113 704 2178 cellarius
717 2163 734 2190 ,
779 2117 940 2181 aliud
984 2119 1246 2200 magistri
1286 2119 1606 2183 racionales
1651 2122 1746 2182 et*
1758 2115 1806 2202 1)
1833 2118 2118 2200 reliquum
2148 2113 2631 2199 prothonotarius.

613 2223 694 2284 Et
721 2241 825 2304 pro
854 2225 1118 2306 qualibet
1145 2223 1370 2301 littera,
1415 2246 1528 2307 que
1556 2226 1629 2287 de
1658 2224 1885 2288 iusticia
1913 2222 2111 2298 fuerit,
2154 2225 2269 2285 duo
2298 2220 2513 2296 tareni3
2543 2237 2649 2300 pro
2680 2237 2768 2291 ea,

435 2346 546 2407 que
589 2329 796 2390 fuerit4
807 2327 856 2415 Β)
900 2333 972 2393 de
1015 2332 1226 2413 gracia,
1255 2331 1603 2415 recipiantur
1631 2331 1817 2394 tareni
1846 2339 2095 2414 quatuor
2124 2347 2229 2413 pro
2258 2327 2480 2410 sigillo,
2462 2346 2479 2362 ·
2510 2343 2615 2407 pro
2645 2323 2769 2405 pri-

437 2432 648 2516 vilegio
678 2445 878 2497 autem
907 2440 1220 2501 secundum
1251 2438 1466 2520 negocii
1497 2437 1861 2519 qualitatem.

613 2540 1061 2621 Regestrantes4
1072 2541 1124 2627 ³)
1169 2562 1303 2607 vero
1346 2540 1887 2628 uniuscuiusque44)
1928 2542 2165 2625 regestri
2207 2497 2483 2623 recipient
2522 2537 2769 2621 quilibet

437 2643 693 2725 ipsorum
723 2665 827 2729 pro
865 2648 1062 2713 littera
1091 2658 1357 2713 tarenum
1386 2651 1644 2714 medium
1672 2659 1732 2713 et
1758 2669 1875 2712 non
1906 2648 2098 2711 ultra*
2108 2646 2176 2733 5).

613 2753 794 2831 [Item
822 2755 880 2817 in
911 2756 1173 2838 qualibet
1215 2758 1359 2819 data
1396 2756 1753 2837 singulorum
1795 2754 2224 2836 privilegiorum
2268 2753 2443 2816 debet
2483 2747 2769 2813 intitulari

435 2874 647 2925 nomen
673 2859 1142 2947 cancellarium).

616 3000 725 3050 Ans
761 2998 811 3069 a)
847 3002 1129 3055 demselben
1163 3001 1441 3055 Mmeiller
1473 3002 1627 3053 codex
1662 3006 1701 3055 f.
1736 2997 1826 3050 '70‘
1860 3016 1951 3051 nr.·
1973 2996 2071 3060 683
2116 3030 2171 3038 —
2214 2996 2267 3067 b)
2304 3000 2411 3050 cod.
2447 2997 2606 3047 Paris.
2634 2992 2767 3043 Bibl.

433 3094 537 3137 nat.
575 3090 663 3140 lat.
689 3086 829 3138 4625
867 3090 1021 3142 chart.
1057 3106 1154 3143 see.
1190 3092 1317 3143 XIV
1353 3096 1562 3155 (vorans
1598 3094 1981 3160 mittheilungen
2017 3092 2070 3140 in
2104 3091 2262 3157 bezug
2295 3090 2387 3139 auf
2414 3085 2663 3137 Friedrich
2698 3081 2767 3131 11.

433 3180 513 3230 bei
550 3179 703 3230 Η.-Β.
729 3181 823 3239 IV,
864 3177 980 3234 199,
1017 3177 1137 3229 216.
1177 3177 1301 3248 250)
1339 3181 1431 3231 mit
1473 3181 1559 3231 der
1582 3196 1800 3233 neueren
1823 3180 2143 3232 iiberschrift:
2181 3213 2203 3238 ,
2216 3176 2599 3229 Constitutionee
2632 3188 2765 3224 sum-

433 3270 589 3320 marie
627 3275 676 3318 et
710 3270 1018 3335 gabellarum
1031 3276 1053 3300 ‘
1090 3270 1126 3319 f.
1168 3265 1286 3318 139.
1358 3270 1664 3335 Verglichen
1698 3272 1792 3320 mit
1825 3298 1888 3307 —
1924 3268 1970 3339 c)
2000 3268 2113 3319 dem
2149 3265 2397 3318 abdrucke
2431 3265 2511 3315 bei
2545 3262 2767 3313 Minieri-

435 3358 631 3415 Riccio,
668 3357 846 3423 grandi
877 3358 1029 3407 uffizii
1065 3374 1115 3422 p.
1158 3354 1259 3406 183
1294 3372 1384 3407 aus
1421 3357 1532 3428 dem
1569 3359 1721 3409 codex
1744 3372 1840 3410 sec.
1880 3357 2023 3408 XIV.
2062 3372 2139 3407 ex.
2176 3355 2458 3413 desselben3
2495 3351 2625 3403 auch
2660 3351 2769 3401 hier

435 3448 564 3497 habe
599 3438 684 3498 i'ch
717 3446 851 3496 mich
884 3462 980 3496 von
1021 3446 1108 3496 der
1159 3445 1467 3514 wieder-gabe
1520 3447 1858 3498 sammtlicher
1912 3446 2300 3511 abv'reichungen
2352 3442 2653 3508 dispensiren
2704 3454 2768 3489 zu

434 3536 613 3586 diirfen
635 3536 887 3603 geglaubt.
926 3534 1024 3584 Die
1057 3534 1360 3601 reihenfolge
1411 3535 1499 3584 der
1546 3536 1800 3587 einzelnen
1835 3534 2318 3600 kanzleiordnungen
2368 3530 2549 3581 weicht
2582 3530 2636 3578 in
2670 3528 2766 3577 deu

435 3622 807 3675 handschriften
842 3623 956 3673 sehr
989 3624 1069 3673 ab.
1142 3622 1244 3673 Der
1279 3622 1556 3673 Marseiller
1592 3624 1743 3675 codex
1799 3625 1923 3675 lust
1980 3624 2096 3674 weit
2143 3622 2274 3672 nach
2326 3622 2413 3670 der
2462 3616 2764 3669 kanzleiord-

435 3728 573 3779 nnng
627 3711 915 3783 Friedrich’s
969 3711 1210 3778 diejenige
1264 3712 1430 3778 fulgen
1444 3746 1459 3770 ‚
1516 3712 1705 3763 welche
1752 3713 1836 3763 ich
1885 3711 2118 3763 Manfred
2170 3710 2485 3762 zuschreiben
2539 3706 2763 3765 muchte3

435 3802 617 3851 darauf
661 3802 740 3850 die
794 3800 936 3867 obige
949 3836 964 3859 ‚
1017 3800 1204 3850 welche
1251 3800 1385 3849 wohl
1434 3814 1530 3852 nur
1577 3802 1644 3849 im
1692 3815 1908 3867 auszuge
1960 3801 2169 3866 vorliegt
2192 3834 2207 3858 ‚
2263 3798 2381 3848 aber
2436 3792 2768 3847 anscheinend

435 3890 510 3939 als
557 3890 832 3955 grundlage
881 3890 965 3939 fiir
1011 3888 1090 3937 die
1138 3889 1458 3956 vereidigung
1493 3890 1579 3939 des
1622 3885 1794 3939 Simon
1830 3889 1890 3938 de
1926 3887 2145 3938 Pax-isius
2186 3884 2287 3935 127
2290 3884 2321 3933 2
2360 3890 2418 3948 (s.
2455 3883 2528 3953 u.)
2566 3884 2767 3951 gedient

433 3977 546 4035 hat3
584 3977 781 4027 endlich
817 3984 916 4027 erst
950 3977 1029 4026 die
1063 3992 1158 4028 von
1193 3977 1343 4026 Trani
1397 3974 1548 4027 1268.
1622 3977 1683 4027 In
1724 3977 1812 4027 der
1858 3976 2053 4028 Par-iser
2101 3976 2409 4027 handschrift
2442 3976 2507 4025 ist
2540 3973 2766 4039 dagegen

435 4066 564 4115 anch
599 4067 744 4133 obige
779 4072 924 4116 unter
971 4062 1051 4115 die
1086 4072 1304 4117 statuten
1338 4081 1434 4117 von
1467 4066 1619 4117 Trani
1654 4071 1841 4133 gesetzt
1875 4066 2073 4117 worden
2108 4066 2212 4115 und
2247 4067 2299 4114 in
2334 4064 2575 4117 Minieri’s
2609 4061 2765 4114 hand-

433 4152 607 4209 schrift
641 4155 821 4204 wieder
865 4154 1056 4210 scheint
1087 4155 1188 4225 ldie
1238 4155 1464 4225 ordnung
1512 4170 1607 4207 von
1657 4154 1805 4209 Trani
1858 4153 2209 4226 vorangestellt
2251 4168 2314 4206 zu
2367 4154 2471 4204 sein
2525 4152 2628 4202 und
2676 4152 2768 4205 auf
