3144 4821
607 467 740 528 Non
771 477 860 528 est
903 466 1131 530 silentio
1175 467 1620 540 transeundum,
1664 467 1819 546 quod
1864 465 2139 531 Romana
2186 465 2343 528 curia
2390 463 2581 544 gratia
2625 460 2769 524 talis

430 571 750 653 compendii
779 573 1022 636 faciendi
1052 573 1216 654 ponit
1243 591 1480 655 persepe
1509 571 1702 654 ipsum
1732 569 2030 637 exordium
2044 580 2157 634 ant.
2166 569 2355 652 ipsam
2375 566 2782 642 narrationem-

430 679 526 740 vel
556 699 726 740 cause
755 679 1133 740 redditionem
1162 699 1293 740 cum
1322 677 1485 758 signo
1515 676 1887 740 conditionali
1916 676 2015 756 vel
2056 675 2386 748 causative,
2433 683 2567 756 post
2612 675 2767 741 hanc

429 783 883 846 coniunctionem
915 785 1076 866 quod
1103 784 1162 846 in
1192 783 1519 846 narratione
1548 783 1801 864 positam
1830 782 1925 844 vel
1955 790 2091 862 post
2116 779 2570 849 coniunctionem
2605 798 2765 860 qua-

430 891 603 951 tinus
631 889 689 950 in
721 889 996 971 petitione
1025 889 1326 964 locatam3·
1349 889 1511 950 verbi
1555 887 1791 970 gratia,⁴
1816 897 1884 950 ut
1928 887 1989 949 in
2038 887 2364 950 narratione
2411 886 2521 948 hoc
2562 885 2765 948 modo:

431 993 776 1068 Mramur,
811 995 972 1076 quod
1001 1015 1141 1058 cum
1169 996 1304 1056 sitis
1332 993 1589 1060 cultores
1602 993 1774 1076 fidei,
1806 993 2117 1056 concordie
2146 991 2521 1056 discordiam
2554 1007 2765 1050 como-

432 1101 620 1174 ηπίες
649 1099 708 1160 in
722 1100 998 1180 petitione
1019 1119 1155 1164 vero
1172 1102 1282 1163 hoc
1296 1102 1494 1163 modo:
1529 1102 1839 1182 quatinus,
1866 1119 2008 1162 cum
2038 1097 2345 1165 militetis
2321 1119 2387 1159 m
2417 1096 2630 1160 ordine
2658 1114 2767 1156 nec

433 1205 713 1267 ordinem
743 1207 1072 1280 observetis,
1105 1207 1306 1270 divine
1345 1207 1590 1290 potestis
1638 1213 1693 1268 π
1732 1206 1947 1268 merito
1990 1201 2241 1270 ultionis
2282 1197 2595 1268 iudicium.
2614 1201 2763 1284 for-

403 1299 408 1304 *
435 1311 694 1373 midoere.

609 1417 884 1491 Romana
911 1417 1069 1479 curia
1098 1436 1211 1479 non
1241 1416 1462 1498 patitur
1491 1416 1867 1491 coniecturas,
1898 1435 2010 1497 que
2038 1414 2233 1479 verbis
2274 1411 2487 1495 exponi
2530 1410 2769 1488 minime

434 1521 752 1601 patiuntur,
782 1522 920 1603 quia
950 1523 1139 1584 multa
1167 1531 1412 1604 possunt
1438 1523 1499 1584 in
1528 1531 1721 1586 mente
1750 1521 2002 1603 concipi,
2046 1542 2157 1602 que
2200 1519 2627 1590 narrationibus
2659 1537 2768 1580 ex-

435 1626 636 1707 plicari
667 1647 781 1689 non
808 1627 1038 1701 valent,
1071 1647 1137 1690 eo
1167 1629 1322 1708 quod
1350 1647 1453 1691 nec
1480 1628 1740 1698 omnium
1754 1673 1771 1704 ,
1810 1647 1920 1708 que
1951 1627 2167 1710 scripta
2195 1635 2330 1691 sunt
2344 1672 2364 1700 ,
2412 1623 2561 1692 ratio
2609 1621 2787 1698 reddi

371 1741 380 1750 ’
435 1740 641 1812 potest.

613 1839 704 1900 De
732 1839 1088 1906 conclusione
1118 1839 1493 1921 epistolarum
1521 1839 1669 1914 satis
1695 1838 1953 1920 plenarie
1980 1836 2244 1902 videmur
2281 1835 2543 1918 superius
2563 1843 2770 1906 ,osten-

436 1943 602 2006 disse.
663 1945 904 2020 Verum,
934 1947 1087 2026 quod
1118 1965 1233 2008 non
1263 1944 1474 2008 sufficit
1502 1964 1611 2006 vas
1641 1965 1727 2012 ex¹
1746 1961 1886 2009 auro
1917 1942 2238 2018 consistere,
2270 1941 2380 2004 nisi
2410 1941 2660 2008 celature
2696 1938 2779 2002 sit
2830 1997 2838 2001 -

437 2050 676 2112 artificio
705 2053 1052 2126 decoratum,
1083 2053 1262 2113 immo
1293 2069 1517 2131 semper
1545 2051 1605 2111 id
1636 2058 1726 2112 est
1752 2048 2057 2130 optimum,
2086 2049 2241 2138 quod
2272 2047 2523 2124 noscitur
2552 2048 2629 2108 ad
2665 2047 2771 2106 de-

438 2172 642 2229 corem,
673 2156 966 2218 sciendum
994 2155 1258 2230 occurrit,
1289 2157 1458 2237 quod,
1472 2155 1533 2217 in
1563 2154 1825 2236 quolibet
1866 2152 2175 2219 dictamine
2220 2163 2335 2216 tres
2378 2150 2773 2228 distinctiones

437 2259 866 2332 considerantur
895 2262 1138 2324 existere
1156 2307 1172 2336 ‚
1217 2280 1462 2343 quarum
1493 2262 1681 2342 prima
1726 2281 1757 2323 c
1772 2279 1806 2322 o
1821 2279 1879 2320 ιιι
1894 2280 1959 2334 a,
2008 2261 2259 2324 secunda
2301 2279 2333 2320 c
2352 2257 2471 2322 olo
2486 2279 2553 2332 n,
2599 2253 2773 2318 tertia

435 2386 476 2448 p
490 2383 561 2427 er
575 2367 594 2428 i
610 2387 643 2430 o
659 2369 696 2428 d
712 2388 749 2429 u
765 2388 794 2429 s
822 2349 1170 2449 appellatur.
1232 2367 1414 2445 Coma
1444 2376 1532 2429 est
1563 2374 1840 2449 punctum
1870 2385 2001 2437 cuin
2016 2365 2258 2447 ‚virgula
2288 2363 2550 2448 superins
2580 2364 2773 2435 ducta,

435 2470 652 2534 scilicet
680 2472 906 2555 cumn)
951 2476 1144 2548 adhuc
1185 2493 1387 2535 sensus
1435 2492 1745 2555 suspensus
1789 2481 2052 2535 remanet
2096 2471 2365 2547 auditori.¹
2453 2469 2636 2543 Goion
2682 2474 2773 2529 est

436 2587 713 2657 punctum
743 2579 1004 2659 planum,
1034 2598 1163 2642 cum
1193 2579 1422 2641 animus
1449 2578 1985 2652 auditorismeoesse
2014 2597 2131 2643 non
2160 2579 2342 2645 habet
2370 2576 2530 2645 aliud
2560 2596 2771 2657 expec-

435 2691 562 2745 tare
592 2691 652 2743 et
681 2693 876 2763 tamen
906 2685 1128 2766 aliquid
1158 2684 1530 2765 addipotest.
1591 2683 1869 2759 Beriodus
1914 2692 2002 2745 est
2046 2690 2325 2763 punctum
2370 2701 2505 2743 cum
2546 2682 2772 2762 virgula

435 2786 669 2868 inferius
699 2790 889 2862 ducta,
920 2794 1085 2851 cum1
1099 2787 1149 2875 l)
1182 2789 1412 2851 animus
1439 2787 1719 2865 auditoris
1748 2788 2002 2869 amplius
2031 2806 2146 2849 non
2177 2795 2447 2867 expectat
2476 2806 2585 2862 nec,
2596 2806 2791 2868 amp--

437 2891 552 2954 lius
581 2894 767 2973 querit
797 2895 1009 2971 discere
1040 2894 1416 2957 intentionem
1445 2894 1819 2975 proponentis
1838 2939 1853 2967 ,
1883 2901 1952 2955 ut
1992 2889 2054 2956 in
2099 2893 2209 2955 hoc
2250 2892 2518 2975 exemplo
2537 2913 2567 2967 t,
2597 2889 2798 2961 Iuris,

431 3001 707 3098 ycntzfum
737 3008 837 3074 est,
870 3009 942 3063 ut
967 3002 1048 3063 eit
1075 3003 1252 3063 nobis
1275 3020 1438 3083 crya.
1454 3000 1637 3069 deum
1666 2998 1877 3079 reliyio
1908 3007 1963 3061 π
1988 3006 2061 3061 ut
2081 3000 2455 3080 parentibus·
2490 3005 2547 3060 π
2566 3000 2775 3081 μαιίίθ

433 3126 792 3187 parcamus.
852 3108 932 3168 Et
960 3108 1113 3202 quod
1143 3107 1267 3183 dico
1296 3108 1461 3171 iuris
1497 3107 1773 3189 yentium
1818 3106 1960 3196 [est]
1970 3151 2009 3189 ,
2039 3106 2148 3175 hoc
2162 3113 2294 3181 esu
2320 3124 2537 3184 coma,
2557 3102 2773 3167 scilicet

437 3221 718 3311 punctum
745 3214 1004 3309 planum
1019 3234 1150 3291 cum
1177 3212 1406 3307 virgila
1435 3212 1703 3307 superius
1741 3213 1946 3289 ducta,
1991 3212 2161 3291 quod
2188 3211 2283 3287 ad
2308 3212 2419 3285 hoc
2460 3230 2785 3304 smpensns

437 3327 697 3397 remanet
725 3318 954 3380 animus
983 3318 1276 3380 auditoris.
1337 3316 1486 3391 Cum
1516 3325 1719 3391 autem
1746 3316 2051 3397 subiungo
2043 3324 2116 3378 ut
2131 3318 2401 3392 είῠηοὺίε
2416 3334 2571 3395 crya
2586 3316 2783 3389 deum<

437 3421 666 3502 reliyz‘O,
698 3422 793 3484 hic
821 3432 911 3484 est
939 3423 1119 3497 colon,
1150 3422 1210 3484 id
1240 3431 1329 3485 est
1357 3430 1635 3503 punctum
1666 3422 1788 3484 sine
1818 3422 2063 3503 virgula
2055 3421 2338 3513 superius
2367 3424 2542 3484 ducta
2557 3422 2687 3483 vel
2666 3441 2767 3494 in-

437 3528 634 3599 ferius,
659 3528 792 3589 licet
820 3528 1074 3608 amplius
1104 3530 1238 3591 addi
1269 3528 1468 3610 possit.
1529 3526 1677 3589 Cum
1708 3536 1907 3609 autem
1936 3528 2141 3590 adiicio
2172 3530 2283 3607 [π]
2312 3536 2384 3590 ut
2403 3528 2770 3609 par-entim

439 3639 496 3694 π
513 3634 722 3715 patric
748 3653 1104 3715 parcamus,
1134 3634 1217 3696 ibi
1247 3644 1337 3697 est
1364 3633 1633 3716 periodus
1662 3636 1941 3715 perfecta,
1973 3633 2032 3695 id
2062 3642 2152 3695 est
2181 3641 2461 3713 punctum
2490 3652 2619 3702 cum
2646 3631 2770 3703 vir,-

441 3737 580 3817 gula
609 3739 842 3800 inferius
871 3740 1050 3813 flexa,
1081 3760 1148 3802 eo
1179 3742 1332 3833 qnod
1361 3739 1601 3811 audiens
1631 3739 1885 3821 amplius
1914 3758 2031 3801 non
2060 3747 2330 3829 expectat
2358 3745 2417 3799 et
2445 3756 2791 3820 proponens

441 3844 674 3924 uberius
703 3844 944 3907 adiicere
973 3864 1088 3907 non
1117 3846 1377 3911 intendit.
1438 3846 1519 3923 Et
1548 3846 2001 3923 estnotandum,
2032 3846 2186 3925 quod
2214 3863 2330 3910 non
2358 3845 2545 3919 refert,
2574 3854 2769 3908 utrum

439 3970 619 4011 unum
650 3952 974 4011 membrum
1002 3950 1097 4011 vel
1129 3951 1299 4032 plura
1327 3953 1591 4024 membra
1620 3950 1917 4031 periodum
1945 3949 2182 4025 faciunt,
2214 3949 2363 4011 sicut
2391 3950 2563 4031 plura
2579 3968 2770 4013 mem.-

441 4058 547 4147 bra
574 4054 797 4117 faciunt
824 4074 1004 4117 unum
1033 4073 1250 4137 corpus.
1266 4054 1350 4141 19)
