3144 4821
1244 385 1687 451 ...17—

473 568 626 628 Item
655 567 1029 630 cancellarius
1065 568 1286 642 habeat
1326 566 1773 630 iurisdictionem
1815 569 1879 632 iu
1916 566 2146 630 clericos
2187 565 2402 630 domini
2447 565 2627 647 regis3

294 670 446 752 layci
468 673 644 758 ‚enim
686 681 823 736 sunt
864 675 936 735 de
982 672 1368 735 iurisdictione
1399 672 1719 736 senescalli.

472 780 622 840 Item
653 796 757 859 pro
769 775 818 862 9)
847 779 968 840 iure
998 778 1172 860 sigilli
1201 778 1374 860 recipi
1404 778 1576 841 faciet
1604 779 1979 842 cancellarius
2023 777 2326 860 pecuniam
2368 777 2428 840 in
2472 779 2627 840 hunc

292 885 549 957 modum,
579 883 868 947 videlicet:
2150 947 2153 952 .

469 991 585 1052 Pro
613 989 926 1071 privilegiis
957 994 1236 1054 donorum
1266 991 1481 1054 domini
1509 992 1659 1071 regis
1687 993 1759 1052 de
1774 971 2046 1072 ⁸quolibet
2077 993 2247 1055 feudo
2409 1009 2533 1052 unc.
2563 988 2621 1050 ii.

469 1095 584 1158 Pro
615 1096 810 1158 littera
838 1098 1212 1160 extraccionis
1227 1095 1309 1182 1⁰)
1339 1118 1377 1159 a
1406 1097 1839 1160 foriudicacione
2099 1158 2103 1162 ,
2369 1116 2495 1162 unc„
2524 1093 2625 1158 iiii.

469 1202 584 1264 Pro
615 1203 1049 1284 legitimacionis
1077 1203 1273 1267 littera
2004 1282 2009 1288 ι
2367 1223 2493 1264 unc.
2523 1200 2625 1265 iiii.

349 1393 352 1400 Ι
443 1308 580 1380 „Pro
610 1308 808 1372 littera
838 1311 1070 1374 tenendi
1098 1320 1313 1374 terram
1358 1311 1419 1375 in
1461 1311 1729 1374 demanio
1774 1329 1877 1392 pro
1920 1309 2159 1392 singulis
2201 1311 2396 1372 decem
2440 1308 2623 1374 unciis

285 1413 505 1476 valoris
534 1416 710 1477 annui
741 1417 996 1479 eiusdem
1026 1427 1173 1479 terre
2425 1435 2551 1478 unc.
2581 1415 2619 1477 i.

465 1520 579 1584 Pro
608 1523 1067 1600 reconciliacione
1096 1524 1400 1606 proditoris
1429 1524 1551 1587 sine
1581 1524 1944 1587 restitucione
1982 1526 2261 1586 bonorum
2364 1542 2487 1584 unc.
2517 1520 2618 1584 iiii.

464 1628 543 1689 Et
572 1646 676 1710 pro
706 1630 1069 1693 restitucione
1098 1633 1378 1695 bonorum
1408 1650 1512 1713 pro
1541 1641 1673 1693 rata
1700 1629 1916 1694 valoris
1959 1631 2215 1712 ipsorum
2229 1676 2246 1703 ,
2284 1628 2431 1692 sicut
2470 1627 2618 1693 reci-

283 1731 444 1812 pitur
471 1735 542 1824 de
572 1755 722 1799 novo
751 1738 902 1799 dono
916 1739 938 1778 1
952 1735 1016 1821 1).

465 1840 578 1902 Pro
608 1842 976 1926 absolucione
1007 1844 1251 1906 alicuius
1280 1846 1358 1906 ab
1388 1844 1693 1908 homicidio
1728 1853 1962 1925 patrato
2198 1898 2201 1901 .
2362 1863 2487 1904 uno.
2516 1841 2617 1904 iiii.

463 1947 687 2008 Tamen
715 1947 764 2009 si
782 1948 912 2029 quis
943 1949 1320 2030 predictorum
1351 1958 1503 2012 esset
1528 1951 1675 2012 adeo
1702 1966 1939 2030 pauper,
1968 1950 2123 2028 quod
2145 1949 2296 2019 bono
2309 1947 2481 2008 modo
2494 1945 2617 2008 sol-

280 2067 416 2111 vere
446 2073 560 2114 non
589 2065 784 2134 posset
812 2055 904 2146 ius
932 2057 1252 2138 predictum
1266 2104 1282 2131 ,
1327 2057 1405 2120 sit
1445 2059 1504 2120 in
1547 2055 1897 2121 consciencia
1938 2053 2264 2124 cancellarii
2303 2052 2496 2134 ipsum
2525 2051 2615 2114 ius

281 2155 556 2233 minuere,
585 2171 757 2242 prout
786 2164 993 2226 viderit
1022 2183 1249 2244 equum.
1465 2209 1474 2232 .
2622 2159 2633 2168 ’

460 2265 574 2328 Pro
603 2267 799 2331 littera
827 2269 1028 2332 clausa
1946 2327 1959 2336 ,
2415 2276 2523 2329 tar.
2554 2264 2614 2327 ii.

459 2373 609 2437 Item
631 2392 737 2457 pro
753 2375 1017 2457 qualibet
1044 2377 1240 2440 littera
1266 2378 1452 2459 gracie
1469 2398 1508 2441 a
1525 2377 1777 2460 quinque
1794 2376 1973 2441 unciis
1990 2376 2137 2441 infra
2153 2379 2176 2418 1
2186 2373 2235 2460 ²)
2254 2374 2489 2458 recipiet
2505 2393 2611 2457 pro

277 2476 401 2539 iure
429 2478 604 2560 sigilli
1433 2477 1460 2567 Ἰ
2392 2492 2501 2545 tar.
2532 2484 2608 2547 vi.

457 2586 630 2649 Ultra
658 2607 794 2651 vero
826 2610 1005 2671 usque
1036 2590 1187 2653 infra
1216 2601 1446 2665 centum
1477 2591 1677 2653 uncias
2172 2607 2196 2623 ⁰
2370 2601 2477 2653 tar.
2508 2590 2609 2655 xii.

461 2690 526 2754 Si
555 2713 692 2757 vero
722 2696 911 2777 gratia
939 2696 1016 2759 sit
1044 2708 1273 2760 centum
1303 2694 1715 2778 unciarumffl),
1758 2698 1991 2780 recipiet
2035 2698 2259 2761 unciam
2306 2716 2483 2761 unam
2497 2745 2514 2772 ‚
2551 2708 2611 2760 et

279 2796 329 2857 si
360 2798 588 2879 fn[er]it
618 2800 790 2881 ultra,
820 2804 1055 2886 recipiet
1083 2806 1161 2868 ad
1191 2807 1432 2867 eandem
1461 2804 1747 2867 racionem
1778 2806 1849 2867 de
1879 2804 2049 2871 uncia
2076 2824 2194 2866 una
2222 2822 2326 2886 pro
2370 2805 2609 2886 singulis
2638 2847 2643 2851 -

279 2911 512 2965 centum
541 2906 720 2971 unciis
732 2906 830 2993 14).
911 2974 916 2979 ,

351 3064 356 3069 .
458 3012 539 3074 Et
579 3013 627 3075 si
671 3034 806 3077 vero
848 3016 1042 3097 gracia
1083 3036 1197 3079 non
1241 3016 1405 3079 sitin
1448 3018 1777 3100 quantitate
1807 3017 2133 3081 extimabili
2177 3021 2253 3081 ad
2283 3019 2603 3100 pecuniam,

276 3114 513 3199 recipiet
526 3116 607 3205 ¹⁵)
635 3121 1020 3185 indifferenter
2364 3134 2473 3188 tar.
2504 3124 2606 3188 xii.

453 3225 568 3288 Pro
598 3226 796 3289 littera
824 3240 1027 3309 aperta
1056 3229 1276 3292 iusticie
2367 3239 2473 3293 tar.
2504 3231 2604 3295 iiii.

452 3332 568 3397 Pro
599 3332 794 3395 littera
824 3334 1176 3398 matrimonii
2358 3346 2467 3397 tar.
2498 3337 2597 3399 xii.

452 3437 565 3499 Pro
596 3438 792 3501 littera
821 3440 1082 3521 magistri
1118 3441 1289 3504 iurati
1318 3441 1412 3503 vel
1442 3440 1645 3504 iudicis
2366 3450 2471 3505 tar.
2503 3442 2603 3509 xii.

450 3544 674 3606 Tamen
702 3544 1037 3626 intencionis
1065 3547 1280 3610 domini
1323 3548 1472 3629 regis
1513 3556 1629 3621 est,
1679 3549 1832 3629 quod
1863 3548 2121 3629 magistri
2160 3547 2332 3609 iurati
2362 3547 2604 3609 etiudi-

275 3670 368 3711 ces
397 3658 677 3713 terrarum
706 3654 948 3715 annales
977 3654 1122 3715 fiant
1150 3671 1252 3734 per
1280 3653 1620 3717 iusticiarios
1644 3662 1704 3715 et
1729 3654 2047 3734 habea[n]t
2078 3653 2304 3717 litteras
2330 3670 2527 3716 eorum
2545 3662 2605 3716 et

275 3753 365 3815 ius
395 3754 586 3835 sigilli,
611 3760 764 3839 quod
777 3756 860 3843 16)
890 3760 1022 3821 inde
1051 3758 1265 3841 percipi
1293 3760 1607 3833 consuevit,
1638 3760 1715 3821 sit
1742 3758 1909 3821 curie.

450 3860 564 3925 Pro
594 3862 788 3925 littera
815 3866 1023 3927 notarii
1052 3864 1270 3946 publici
1471 3916 1484 3929 r
2362 3874 2469 3927 tar.
2501 3865 2600 3929 xii.

453 3965 567 4029 Pro
596 3968 787 4031 littera
822 3971 1023 4034 medici
1067 3971 1162 4031 vel
1206 3971 1472 4033 advocati
1515 3971 1839 4053 specialiter
1853 3971 1935 4057 17)
1978 3972 2038 4033 in
2083 3993 2197 4035 uno
2241 3970 2599 4035 iusticiaratu

269 4079 375 4134 aut
404 4070 667 4167 pluribus
685 4086 788 4136 aut
803 4076 1144 4157 generaliter
1175 4095 1274 4157 per
1303 4086 1490 4139 totum
1519 4095 1757 4157 regnum
2360 4085 2475 4141 tan,
2500 4058 2600 4137 xii.

447 4179 562 4241 Pro
592 4179 787 4243 littera
817 4182 1190 4245 extraocionis
1221 4202 1260 4245 a
1291 4185 1483 4247 banno
2359 4191 2467 4242 tar.
2498 4179 2599 4242 xii.

446 4284 560 4347 Pro
591 4284 786 4348 littera
815 4287 1007 4348 comiti
2360 4295 2467 4347 tar.
2498 4284 2598 4347 xii.
