3144 4821
1317 301 1406 315 ..
1494 263 1579 328 35
1669 300 1760 312 .-

386 445 849 533 Impmpduum
892 444 1066 509 debet
1107 463 1231 506 esse
1275 441 1682 506 abbreviatum
1712 449 1771 502 et
1800 440 1859 503 in
1890 441 2002 502 fine
2032 438 2213 520 prime
2244 442 2392 505 linee
2422 437 2711 520 compleri,

376 555 592 618 scilicet
621 563 688 616 ut
715 563 805 616 est
833 570 1010 633 supra
1022 547 1086 636 1).
1119 552 1307 613 Tenor
1336 549 1540 611 deinde
1569 546 1857 630 privilegii
1887 545 2057 608 scribi
2088 548 2277 623 debet,
2308 559 2373 612 ut
2389 552 2503 614 alie
2519 554 2709 618 littere

375 662 452 723 ad
481 661 722 723 sericum
753 659 1102 733 scribuntur,
1134 651 1374 737 excepto
1418 638 1574 737 quod
1618 654 1807 735 prima
1852 652 2049 718 littera
2090 653 2397 718 cuiuslibet
2438 659 2711 723 orationis

375 765 661 847 privilegii
690 766 864 827 debet
892 783 1015 826 esse
1045 763 1304 825 miniata.
1367 763 1448 824 Et
1476 761 1902 842 precavendum
1945 767 2063 832 est,
2107 762 2261 840 quod
2305 763 2515 828 ultima
2557 765 2711 828 linea
2788 799 2797 807 ·

377 871 662 953 privilegii
691 871 766 933 sit
796 881 921 933 tota
949 870 1180 952 scripta,
1210 868 1478 931 videlicet
1507 868 1660 948 quod
1692 885 1903 938 aane‘n,
1950 884 2132 927 amen
2162 870 2498 934 continuata
2527 871 2747 952 scrip--

377 987 511 1040 tura
540 977 795 1039 eiusdem
825 976 1029 1038 ultime
1059 975 1208 1037 linee
1237 972 1438 1036 veniat
1465 973 1526 1034 in
1557 972 1731 1033 finem
1754 969 1951 1058 'ipsius
1998 970 2164 1033 linee.
2226 975 2384 1036 Rota
2427 995 2562 1039 vero
2606 978 2714 1039 fiat

311 1151 315 1154 ,
378 1101 510 1144 cum
539 1082 952 1164 subscriptione
983 1091 1042 1144 et
1070 1081 1231 1156 aliis,
1272 1089 1340 1142 ut
1369 1079 1646 1160 scriptum
1690 1086 1780 1138 est
1826 1085 1887 1137 et
1936 1077 2228 1157 depictum
2275 1080 2334 1142 in
2383 1083 2569 1144 forma
2616 1101 2713 1144 se-
2781 1076 2785 1083 ¹

379 1188 606 1269 quenti3
637 1198 834 1250 tamen
863 1188 1119 1269 predicta
1147 1195 1275 1250 rota
1305 1185 1577 1266 pingatur
1606 1181 1773 1264 quasi
1803 1181 1863 1243 in
1893 1183 2081 1245 medio
2111 1194 2266 1246 carte
2282 1231 2298 1259 ,
2330 1207 2443 1250 non
2474 1188 2713 1256 dimissa

377 1294 488 1355 nisi
517 1314 636 1356 una
664 1294 819 1356 linea
847 1305 1042 1356 vacua
1061 1293 1284 1372 integra
1311 1291 1460 1352 inter
1489 1289 1747 1353 litteram
1778 1286 2061 1368 privilegii
2104 1298 2163 1350 et
2204 1301 2409 1354 rotam.
2470 1295 2541 1356 In
2584 1303 2713 1357 rota

379 1399 555 1462 nichil
586 1400 885 1472 scribatur,
916 1417 1211 1481 quousque
1240 1397 1318 1459 sit
1346 1396 1562 1459 lectum
1593 1393 1958 1476 privilegium
1989 1403 2050 1455 et
2066 1394 2359 1476 signatum
2376 1417 2711 1481 persspapam

379 1503 540 1585 signo
569 1505 775 1581 crucis3
819 1514 1024 1586 postea
1053 1505 1376 1566 scribantur
1403 1501 1599 1565 omnia
1627 1499 1777 1561 inter
1804 1508 1996 1561 rotam
2025 1509 2085 1561 et
2113 1519 2335 1565 crucem
2365 1504 2551 1584 primo
2581 1508 2706 1568 fac-

380 1620 522 1684 tam,
552 1620 619 1673 ut
647 1613 708 1672 in
737 1611 998 1692 sequenti
1028 1619 1157 1672 rota
1200 1594 1479 1690 scriptum
1522 1613 1625 1668 est.
1687 1607 1768 1667 Et
1807 1615 2059 1687 ponatur
2098 1609 2242 1670 data
2286 1610 2346 1672 in
2390 1612 2503 1674 fine
2546 1612 2715 1674 iuxta

379 1718 625 1779 caudam
655 1717 777 1778 sive
805 1716 1154 1798 plicaturam
1183 1717 1293 1776 sub
1324 1713 1500 1794 signis
1527 1711 1787 1774 omnium
1816 1711 2196 1774 cardinalium
2214 1761 2229 1788 ,
2271 1724 2337 1777 ut
2365 1715 2424 1778 in
2454 1718 2715 1799 sequenti

380 1821 519 1883 folio
549 1821 764 1903 scripta
792 1830 896 1882 est.
959 1819 1422 1900 Subscriptiones
1459 1834 1594 1878 vero
1625 1815 2006 1878 cardinalium
2036 1817 2429 1901 episcoporum
2460 1823 2579 1885 fieri
2608 1825 2714 1885 de-

385 1927 526 1988 bent
553 1935 706 1989 recte
735 1928 844 1988 sub
873 1925 1178 2006 scriptione
1206 1943 1388 2005 pape,
1419 1921 1519 2003 qui
1548 1921 1689 1984 dicit
1716 1921 1861 2002 Eyo
1904 1920 2182 1985 Clemens
2224 1934 2328 1988 etc.
2344 1973 2361 2000 ,
2407 1937 2475 1990 ut
2514 1928 2575 1990 in
2618 1949 2715 1990 se·-

383 2033 582 2113 quenti
609 2034 810 2094 forma.
871 2031 933 2093 A
962 2030 1196 2092 sinistra
1223 2047 1359 2091 vero
1390 2037 1556 2110 parte
1569 2075 1587 2102 ,
1616 2027 1884 2089 videlicet
1912 2049 1949 2090 a
1978 2028 2259 2111 principio
2287 2030 2579 2114 scripture,
2609 2036 2716 2096 de-

382 2140 524 2200 bent
551 2158 613 2200 se
641 2137 994 2201 subscribere
1022 2135 1342 2218 presbyteri
1385 2132 1707 2196 cardinales
1719 2153 1736 2208 ;
1777 2133 1840 2195 in
1882 2133 2001 2195 alia
2045 2145 2209 2215 parte
2254 2138 2461 2199 dextra
2503 2141 2715 2202 debent

386 2265 448 2306 se
477 2243 832 2306 subscribere
862 2241 1085 2305 diaconi
1115 2240 1452 2303 cardinales.
1513 2236 1781 2309 Quilibet
1808 2239 2117 2302 cardinalis
2146 2243 2315 2304 debet
2360 2264 2421 2304 se
2464 2246 2716 2308 subscri-

385 2353 520 2413 bere
550 2369 731 2412 manu
760 2347 994 2431 propria
1022 2367 1154 2410 cum
1183 2346 1344 2428 signo
1375 2345 1554 2408 crucis
1583 2344 1808 2428 depicto
1836 2345 1933 2406 vel
1974 2345 2092 2408 alio
2136 2346 2297 2429 signo
2314 2395 2329 2423 ,
2374 2348 2423 2412 si
2466 2350 2584 2413 alio
2627 2361 2717 2414 est

381 2476 536 2519 usus.

562 2596 671 2646 Ans
707 2596 866 2646 einem
903 2594 1196 2644 briefsteller
1231 2593 1316 2643 des
1350 2592 1492 2642 XIV.
1524 2591 1903 2655 jahrhunderts:
1939 2592 2105 2652 Paris,
2156 2595 2273 2645 bibl.
2310 2602 2430 2654 nat„
2467 2610 2589 2647 mss.
2626 2596 2711 2647 lat.

387 2681 529 2733 4172
564 2684 601 2733 f.
642 2683 668 2731 1
707 2684 787 2733 bei
823 2682 1010 2733 Delisle
1044 2682 1080 2732 1.
1118 2696 1161 2732 c.
1197 2697 1247 2747 p.
1284 2676 1372 2730 73.
1415 2709 1472 2719 -
1523 2678 1559 2741 ¹)
1602 2678 1974 2745 imperpetuum
2008 2680 2153 2731 debet
2185 2682 2332 2732 scribi
2366 2683 2512 2733 debet
2546 2684 2716 2734 abbre-

385 2773 576 2821 viatum
611 2771 672 2821 de
707 2772 882 2821 litteris
917 2770 1135 2820 miniatis
1148 2805 1163 2828 ‚
1213 2776 1272 2819 ut
1316 2774 1392 2819 est
1440 2768 1552 2819 hic:
1607 2767 1857 2825 INPPM,
1908 2775 1959 2818 et
1992 2770 2045 2819 in
2080 2770 2180 2819 fine
2214 2772 2371 2834 prime
2406 2771 2536 2821 lineo
2572 2772 2718 2822 debet

389 2858 638 2923 compleri,
672 2859 859 2908 scilicet
902 2858 1302 2923 imperpetuum,
1365 2863 1423 2907 ut
1476 2863 1551 2908 est
1593 2873 1759 2922 supra,
1817 2885 1871 2895 —
1928 2858 2032 2907 cod.
2107 2857 2197 2907 Ich
2249 2858 2377 2909 habe
2426 2858 2505 2909 die
2554 2874 2717 2910 emen-

389 2946 558 2995 dation
593 2944 818 2995 Delisle’s
854 2946 1238 3011 ausgenommen
1273 2944 1378 2995 und
1410 2959 1506 2995 nm·
1539 2942 1779 3001 INPPM‚
1815 2944 2025 2994 welches
2050 2959 2104 2994 er
2136 2946 2267 2994 nach
2303 2947 2555 3004 ,scilicet‘
2579 2954 2718 3006 setzt,

391 3048 458 3083 an
493 3034 655 3084 scinci·
687 3032 831 3083 stelle
865 3032 1106 3083 balaanan.

482 3244 589 3314 10.
634 3244 942 3309 Innocenz
969 3242 1020 3306 I
1024 3240 1094 3309 V.
1125 3242 1313 3328 befielt
1338 3244 1478 3307 dem
1505 3243 1742 3327 leyaten
1770 3242 1988 3319 Peter,
2033 3242 2561 3309 kamdinalcliakon
2604 3266 2718 3311 von

643 3350 710 3415 S.
741 3349 964 3431 (ἶσον-ιγ,
994 3350 1188 3415 dalaia
1217 3370 1298 3415 zu
1325 3352 1558 3413 wirlcen
1571 3396 1588 3423 ,
1634 3350 1783 3412 das-9
1812 3350 1923 3412 der
1953 3352 2191 3433 biechos
2226 3372 2341 3413 von
2383 3351 2718 3434 Bambery,

645 3456 896 3522 welche,-
939 3456 1044 3519 des
1085 3458 1503 3519 verstorbenen
1540 3456 1755 3535 kdniys
1793 3456 2101 3519 Heinrich
2146 3456 2404 3519 kanzler
2436 3476 2717 3538 yewcsem

645 3564 837 3628 dieses
867 3570 1026 3635 anit,
1059 3562 1177 3624 das
1205 3563 1366 3628 nach
1393 3564 1593 3625 &einer
1622 3563 1858 3642 anqabe
1896 3560 2366 3643 lebemloenyliols
2406 3566 2515 3637 sei,
2562 3568 2721 3630 auch

644 3670 736 3732 bez·
762 3669 902 3731 dem
927 3668 1248 3750 kunst-lyon
1277 3667 1491 3747 keini-qe
1519 3664 1766 3729 erhalte.
1826 3666 2009 3748 hyon
2043 3668 2221 3731 1247
2247 3676 2392 3751 cept.
2426 3670 2487 3732 4.

568 3808 635 3871 Ρ.
666 3808 850 3870 sancti
879 3807 1111 3890 Georgii
1141 3808 1201 3871 in
1230 3808 1383 3870 Velo
1413 3825 1587 3869 aureo
1617 3805 1856 3869 diacono
1886 3807 2195 3882 cardinali,
2226 3807 2541 3889 apostolice
2570 3810 2722 3872 sedis

391 3914 599 3996 legato.
629 3913 958 3976 Attendens
987 3914 1138 3976 clare
1167 3912 1438 3976 memorie
1468 3912 1753 3975 Henricus
1781 3913 2178 3976 Romanorum
2208 3933 2312 3976 rex
2329 3915 2718 3978 venerabilem

389 4022 625 4081 fratrem
656 4027 918 4081 nostrum
947 4018 1280 4101 episcopum
1309 4019 1868 4098 Babenbergensem,
1898 4027 2101 4099 utpote
2131 4019 2315 4081 multe
2344 4019 2721 4101 circumspec-

390 4124 562 4187 tionis
591 4134 652 4185 et
680 4124 986 4205 probitatis
1015 4124 1232 4199 virum,
1279 4124 1479 4187 utilem
1523 4144 1647 4187 esse
1696 4125 1771 4186 ad
1819 4124 2155 4186 cancellarie
2199 4123 2449 4186 officium
2501 4124 2721 4207 imperii
