3144 4821
1296 355 1740 424 -11-

350 558 454 601 nes
483 537 673 600 littere
703 538 944 620 sigillari
989 555 1092 619 per
1136 540 1380 601 eundem
1412 538 1819 601 cancellarium
1849 548 1972 601 tam
2006 538 2191 620 gracie
2226 559 2400 620 quam
2450 539 2686 613 iusticie,

353 647 495 709 dum
524 653 723 708 tamen
753 645 945 708 littere
975 643 1251 726 simplicis
1279 643 1502 707 iusticie
1531 644 1838 707 videantur
1851 655 1910 707 et
1921 647 2317 726 approbentur
2329 664 2429 726 per
2442 648 2685 708 eundem

350 751 693 832 magistrum
721 750 1098 816 iusticiarium
1127 759 1187 810 et
1215 749 1428 813 iudices
1459 770 1665 830 magne
1694 751 1862 814 curie.
1925 750 2352 814 Nichilominus
2393 751 2686 814 cancella-

350 858 470 920 rius
498 866 694 938 potest
721 856 994 936 corrigere
1023 865 1085 917 et
1112 856 1431 918 cancellare
1463 856 1688 918 litteras
1718 857 1877 938 ipsas
1891 903 1907 930 ,
1938 857 1999 918 sia
2018 857 2390 920 cancellande
2420 858 2688 920 videntur

351 965 424 1024 de
465 962 585 1025 iure
599 1007 616 1035 ‚
664 960 799 1025 licet
827 962 1149 1043 approbate
1192 961 1454 1023 venerint
1498 964 1575 1024 ad
1618 962 1873 1043 sigillum
1924 981 2026 1043 per
2070 965 2300 1026 eosdem
2348 962 2685 1043 magistrum

349 1068 726 1130 iusticiarium
754 1076 815 1128 et
841 1066 1054 1141 iudices
1082 1086 1292 1148 magne
1320 1067 1486 1129 curie.

528 1175 680 1236 Item
709 1173 1013 1254 privilegia
1040 1172 1236 1236 omnia
1263 1175 1478 1235 debent
1505 1173 1667 1235 reddi
1697 1173 2055 1247 hominibus,
2100 1174 2200 1255 qui
2214 1175 2443 1237 'debent
2472 1175 2688 1237 habere

352 1278 656 1361 privilegia
682 1278 828 1360 ipsa,
859 1297 962 1360 per
989 1297 1198 1340 manus
1227 1279 1554 1346 cancellarii
1603 1289 1662 1341 et
1692 1279 1962 1361 pecunia,
2006 1298 2119 1361 que
2161 1280 2363 1342 haberi
2412 1282 2583 1343 debet
2613 1286 2687 1342 ex

352 1384 666 1467 privilegiis
695 1383 853 1465 ipsis,
880 1386 1054 1447 debet
1063 1381 1114 1465 8)
1143 1384 1428 1466 applicari
1467 1385 1811 1448 cancellario
1840 1395 1901 1446 et
1928 1385 2051 1466 ipse
2080 1388 2253 1448 debet
2282 1403 2469 1448 emere
2496 1404 2688 1448 ceram

318 1567 324 1574 ¹
352 1501 414 1554 et
440 1501 632 1554 cartas
659 1511 736 1553 ex
763 1490 1006 1571 pecunia
1037 1490 1168 1571 ipsa
1196 1508 1298 1571 pro
1328 1489 1643 1572 privilegiis
1670 1490 1813 1572 ipsis
1843 1501 1905 1552 et
1932 1490 2175 1572 pecunia
2204 1490 2454 1574 exigitur
2481 1511 2688 1554 secun-

352 1600 492 1660 dum
521 1595 866 1679 qualitatem
895 1597 1078 1678 gratie
1116 1605 1380 1659 contente
1408 1596 1470 1659 in
1499 1595 1815 1678 privilegiis
1857 1596 2014 1678 ipsis.
2075 1597 2331 1660 Pecunia
2358 1615 2496 1662 vero
2515 1645 2530 1672 ,
2576 1619 2688 1680 que

351 1704 661 1787 percipitur
703 1718 809 1785 pro
851 1701 1040 1783 sigillo
1082 1701 1331 1766 aliarum
1373 1701 1717 1778 litterarum,
1760 1704 1934 1766 debet
1976 1702 2262 1787 applicari
2292 1703 2525 1768 domino
2549 1703 2689 1785 regi,

354 1811 611 1874 deductis
640 1805 839 1872 tamen
869 1807 1152 1890 expensiS,
1181 1829 1293 1890 que
1323 1809 1470 1871 fiunt
1492 1827 1599 1890 pro
1624 1809 1881 1872 emendis
1910 1819 2071 1872 carta
2096 1817 2157 1871 et
2184 1828 2330 1873 cera.
2392 1811 2508 1874 Pro
2537 1831 2693 1893 qua-

355 1917 499 1979 libet
538 1925 736 1978 autem
779 1916 1004 1988 littera,
1056 1934 1168 1996 que
1209 1914 1464 1980 continet
1504 1915 1783 1996 graciam,
1826 1915 2169 1996 recipientur
2210 1915 2394 1978 tareni
2439 1926 2689 1998 quatuor

354 2041 460 2105 pro
487 2022 678 2104 sigillo
707 2031 766 2083 et
796 2023 957 2102 [pro]
969 2019 1020 2104 ⁹)
1050 2020 1313 2102 qualibet
1341 2020 1538 2083 littera
1565 2019 1751 2082 tareni
1781 2022 1911 2083 duo.

531 2131 681 2191 Item
718 2128 780 2190 in
822 2125 1086 2209 qualibet
1127 2128 1269 2189 data
1311 2126 1668 2213 singulorum
1710 2125 2138 2208 privilegiorum
2180 2125 2355 2190 ‘debet
2403 2126 2687 2192 intitulari

353 2255 562 2299 nomen
590 2233 932 2298 cancellarii.

531 2344 682 2405 Item
711 2359 910 2404 omnes
939 2338 1250 2421 peticiones
1290 2336 1491 2421 recipit
1533 2337 2034 2424 peticionarius10)
2079 2348 2139 2401 et
2183 2349 2379 2421 portat
2422 2343 2498 2403 ad
2538 2361 2689 2404 can-

352 2449 648 2512 cellariam
677 2456 738 2510 et
765 2464 1066 2528 procurare
1095 2448 1284 2519 debet,
1315 2447 1468 2528 quod
1481 2442 1566 2529 11)
1596 2444 1978 2526 expediantur
2004 2464 2195 2511 coram
2227 2446 2565 2510 consiliariis
2591 2467 2689 2512 or-

353 2556 568 2619 dinatis
596 2572 699 2636 per
726 2572 918 2635 regem
947 2562 1008 2615 et
1036 2551 1328 2633 magistris
1355 2550 1760 2625 racionalibus,
1788 2550 1889 2632 qui
1918 2551 2105 2613 sciunt
2134 2552 2262 2613 iura
2290 2553 2539 2628 fiscalia,
2584 2574 2688 2635 pro

353 2661 570 2724 eisdem
597 2659 819 2722 iuribus
859 2656 1231 2721 defendendis
1273 2666 1332 2719 et
1373 2657 1764 2731 declarandis3
1813 2666 1873 2718 et
1916 2655 1965 2719 si
2009 2658 2155 2720 forte
2198 2659 2458 2739 magistri
2502 2658 2688 2723 racio-

356 2768 522 2831 nales
550 2763 812 2847 occupati
842 2764 1052 2827 fuerint
1080 2764 1229 2827 circa
1263 2763 1518 2827 raciones
1556 2765 1633 2826 ad
1677 2771 2013 2845 computum
2027 2810 2044 2837 ‚
2087 2764 2165 2825 ad
2209 2761 2399 2827 minus
2413 2769 2433 2807 ¹
2446 2763 2495 2849 Β)
2539 2786 2689 2829 unus

356 2873 614 2953 ipsorum
656 2872 830 2933 debet
856 2870 1152 2933 interesse.

535 2974 855 3037 Peticiones
881 2984 1078 3037 autem
1107 2977 1322 3038 debent
1348 2974 1605 3055 expediri
1634 2976 1706 3036 de
1736 2992 1898 3037 mera
1925 2974 2275 3065 consciencia
2318 2976 2466 3056 regis
2495 2984 2555 3037 et
2582 2977 2689 3037 de-

361 3085 502 3146 bent
523 3079 736 3143 referri
779 3078 1012 3143 domino
1051 3079 1395 3144 cancellario
1439 3088 1707 3161 presente
1748 3098 1853 3161 per
1896 3080 2254 3161 logothetam
2297 3090 2356 3141 et
2395 3081 2689 3162 responsio

358 3187 636 3252 sermonis
663 3184 881 3249 domini
921 3186 1093 3248 debet
1136 3184 1255 3247 fieri
1291 3202 1394 3265 per
1424 3183 1800 3265 logothetam.
1832 3187 1994 3248 Idem
2023 3188 2096 3248 de
2126 3186 2411 3261 omnibus,
2440 3206 2551 3267 que
2580 3189 2690 3249 do-

359 3294 516 3358 mino
543 3295 882 3356 referuntur.

536 3398 857 3463 Peticiones
871 3414 1008 3460 vero
1023 3394 1301 3477 simplicis
1316 3396 1553 3471 iusticie,
1587 3416 1699 3478 que
1716 3396 1865 3458 fiunt
1877 3396 2029 3458 inter
2043 3396 2319 3477 privatos,
2350 3398 2564 3460 debent
2582 3418 2690 3462 ex-

359 3504 540 3587 pediri
557 3523 661 3587 per
677 3504 1020 3586 magistrum
1047 3500 1424 3564 iusticiarium
1453 3512 1514 3564 et
1541 3501 1755 3565 iudices
1783 3521 1993 3582 magne
2020 3501 2189 3564 curie.

536 3610 859 3674 Peticiones
887 3618 1102 3681 autem,
1132 3616 1443 3689 postquam
1472 3607 1619 3669 lecte
1636 3616 1695 3669 et
1712 3610 2034 3691 approbate
2065 3608 2276 3669 fuerint
2303 3608 2366 3671 in
2395 3610 2690 3671 cancella-

357 3717 462 3791 ria,
491 3716 640 3779 sicut
655 3715 1048 3797 supradictum
1077 3722 1183 3787 est,
1212 3714 1425 3775 debent
1453 3713 1734 3794 assignari
1763 3713 2213 3795 prothonotario,
2244 3723 2310 3776 ut
2338 3714 2462 3795 ipse
2491 3715 2691 3777 distri-

362 3824 509 3883 buat
545 3838 645 3883 eas
674 3839 777 3902 per
806 3820 1061 3885 notarios
1089 3817 1625 3901 proporcionaliter‚
1656 3820 1803 3881 sicut
1830 3818 2069 3893 viderit,
2100 3828 2168 3880 ut
2208 3818 2355 3881 fiant
2398 3820 2587 3882 littere
2617 3841 2692 3883 ex

361 3925 579 3988 eisdem
606 3942 710 4007 per
737 3928 967 3989 eosdem
996 3926 1250 3990 notarios
1291 3926 1603 3988 secundum
1644 3922 2069 4006 responsionem
2113 3925 2327 3986 factam
2371 3924 2430 3986 in
2461 3924 2691 3987 cancel-

361 4031 540 4106 laria,
583 4051 695 4113 que
737 4034 995 4095 notanda
1035 4040 1126 4094 est
1166 4052 1204 4092 a
1247 4041 1406 4112 tergo
1459 4029 1765 4093 cuiuslibet
1820 4030 2133 4111 peticionis.
2195 4028 2426 4099 Quibus
2482 4030 2689 4092 litteris

361 4137 588 4220 scriptis
616 4146 677 4199 et
705 4137 989 4217 expeditis
1030 4154 1132 4218 per
1175 4136 1427 4199 notarios
1455 4136 1636 4219 ipsos,
1667 4134 2134 4218 prothonotarius
2147 4131 2229 4217 1θ’)
2260 4137 2432 4197 debet
2461 4144 2691 4217 portare

362 4263 461 4305 eas
489 4246 565 4305 ad
594 4242 1000 4306 cancellariam
1035 4252 1094 4303 et
1123 4244 1295 4304 debet
1323 4244 1444 4305 fieri
1491 4244 1812 4304 litterarum
1860 4243 2119 4323 ipsarum
2157 4240 2456 4303 audiencia
2498 4261 2691 4304 coram
