3144 4821
1420 295 1821 356 ...6—

456 485 567 546 que
595 469 854 549 personis
882 473 1090 534 dentur
1129 472 1404 552 magistro
1447 473 1553 535 tali
1567 471 1645 558 1),
1686 475 1785 555 qui
1830 476 1989 556 ipsas
2030 474 2291 554 quolibet
2338 493 2565 536 summo
2614 494 2787 538 mane

453 573 691 655 recipiat
719 585 856 640 ante
885 578 1118 639 domum
1151 578 1488 640 cancellarie
1501 577 1581 663 2);
1626 578 1889 642 similiter
1917 579 1979 642 in
2008 580 2153 642 hora
2185 579 2517 660 vespertina
2544 599 2785 661 compa-

452 689 578 766 reat
605 680 838 756 ibidem,
867 692 1196 763 recepturus
1224 684 1552 765 peticioneS,
1584 706 1695 767 que
1724 687 2029 748 offerentur
2039 683 2106 769 ³).
2168 684 2299 756 Que
2322 684 2648 770 legantur4)
2679 686 2787 748 tri-

455 787 562 846 bus
592 787 794 869 diebus
823 787 883 851 in
914 789 1257 871 septimana,
1286 791 1554 854 videlicet
1584 791 1677 854 die
1706 793 1887 866 Lune,
1918 793 2009 854 die
2024 791 2293 854 Mercurii
2323 802 2383 854 et
2411 791 2503 854 die
2519 791 2786 866 Veneris,

452 900 510 952 et
540 892 588 956 si
620 893 816 978 aliquo
835 894 1076 958 istorum
1110 897 1331 960 dierum
1364 898 1518 960 iusta
1549 919 1725 960 causa
1752 899 2100 980 impediatur
2143 898 2311 962 lectio
2324 942 2339 972 ,
2384 897 2645 978 sequenti
2693 898 2790 960 die

446 999 781 1062 restituetur
810 1001 976 1066 lectio
1007 1002 1206 1066 debita
1235 1004 1346 1066 diei
1377 1005 1670 1085 preteriti3
1699 1014 1759 1066 et
1789 1005 1933 1068 lecte
1963 1005 2377 1068 distribuentur
2406 1023 2509 1086 per
2538 1005 2784 1067 eundem

448 1105 790 1187 magistrum
833 1118 894 1170 et
939 1128 1041 1190 per
1083 1111 1337 1174 notarios
1385 1111 1737 1192 expediende
1750 1159 1767 1186 ,
1828 1112 1887 1174 in
1935 1111 2198 1193 qualibet
2246 1111 2526 1194 peticione
2572 1111 2785 1192 scripto

446 1231 717 1294 responso
747 1235 785 1276 a
815 1225 989 1298 tergo,
1009 1227 1069 1279 et
1085 1216 1132 1279 si
1152 1219 1212 1278 in
1224 1215 1274 1300 ⁵)
1304 1218 1673 1298 responsione
1690 1218 1953 1282 facienda
1978 1217 2357 1299 requireretur
2368 1215 2417 1300 ⁶)
2436 1216 2785 1282 consciencia

444 1318 807 1402 imperatoris
819 1319 885 1405 ⁷),
927 1323 1081 1384 idem
1110 1323 1384 1405 magister
1413 1332 1694 1405 proponet
1721 1324 1781 1386 in
1812 1325 2048 1388 consilio
2077 1330 2214 1386 a‘nte
2242 1325 2418 1405 pedes
2447 1324 2625 1386 nostri
2654 1324 2783 1386 cul-

446 1426 635 1500 miniS,
667 1427 776 1489 nisi
807 1438 876 1490 ut
903 1438 1108 1510 tangat
1137 1430 1543 1512 imperatorem
1582 1430 1907 1513 specialiter
1935 1431 2030 1494 vel
2060 1431 2315 1512 aliquem
2344 1431 2418 1492 de
2456 1431 2615 1493 curia
2656 1451 2781 1522 sua,

445 1536 598 1613 quod
627 1535 777 1597 dicet
805 1535 914 1598 soli
945 1535 1192 1611 domino,
1224 1546 1284 1598 et
1313 1539 1464 1617 quod
1483 1537 1805 1611 mandabit,
1823 1537 2058 1602 dabitur
2067 1535 2119 1620 ⁸)
2149 1555 2250 1618 per
2267 1533 2401 1600 eum
2429 1536 2686 1610 notariiS,
2717 1523 2783 1598 ut

443 1640 770 1720 expediant.

621 1745 793 1818 Quod
823 1747 1030 1811 notarii
1060 1750 1226 1811 nulla
1257 1749 1490 1830 negocia
1519 1749 1879 1832 privatorum
1910 1750 2226 1830 expediant
2253 1750 2365 1812 nisi
2407 1768 2511 1831 per
2538 1750 2779 1830 peticio-

441 1872 572 1925 nes,
622 1873 768 1932 quas
815 1853 1088 1935 recipient
1119 1874 1220 1936 per
1250 1857 1487 1918 modum
1509 1855 1837 1936 'predictum
1853 1903 1869 1930 ,
1902 1865 1960 1917 et
2001 1855 2248 1937 quilibet
2287 1865 2552 1918 teneatur
2581 1873 2779 1918 sacra-

442 1968 637 2021 mento
667 1960 936 2040 expedire
963 1960 1116 2022 infra
1144 1963 1286 2024 duos
1331 1962 1453 2023 dies
1468 2009 1484 2036 ,
1528 1965 1685 2023 bona
1728 1963 1841 2024 fide
1879 1972 1937 2022 et
1980 1963 2102 2024 sine
2146 1961 2381 2024 malicia
2421 1963 2518 2023 vel
2560 1963 2778 2035 fraude,

438 2086 476 2127 a
506 2066 598 2129 die
627 2066 924 2149 peticionis
953 2077 1178 2150 recepte
1209 2078 1268 2130 et
1297 2079 1452 2130 carte
1482 2071 1619 2130 date
1650 2086 1752 2151 per
1770 2078 2014 2149 partem,
2043 2089 2158 2133 non
2178 2068 2526 2149 computatis
2557 2067 2776 2140 diebuS,

439 2173 648 2253 quibus
678 2174 834 2236 curia
863 2175 1035 2236 fuerit
1064 2175 1122 2237 in
1157 2185 1330 2249 mota,
1363 2184 1551 2256 preter
1561 2173 1613 2260 9)
1643 2175 1877 2256 negocia
1908 2175 2075 2249 curie,
2107 2194 2219 2256 que
2249 2174 2371 2236 sine
2401 2173 2684 2236 dilacione
2719 2183 2791 2236 et·

437 2279 854 2342 intermissione
885 2282 1216 2362 expediant,
1247 2302 1375 2344 cum
1407 2282 1660 2363 primum
1690 2290 1975 2362 poterunt.

613 2387 764 2449 Item
793 2407 993 2451 omnes
1021 2387 1228 2450 notarii
1259 2387 1500 2469 singulis
1529 2389 1734 2450 diebus
1765 2389 1979 2450 debent
2006 2407 2129 2449 esse
2160 2396 2453 2468 presentes
2470 2387 2531 2449 in
2548 2386 2777 2449 cancel-

436 2492 584 2554 laria
601 2496 676 2555 ad
695 2493 1074 2568 scribendum,
1105 2494 1215 2556 nisi
1247 2514 1321 2556 ex
1351 2494 1504 2555 iusta
1534 2514 1711 2557 causa
1740 2494 1835 2555 vel
1867 2514 1941 2556 ex
1972 2494 2209 2557 licencia
2238 2493 2499 2575 magistri
2528 2492 2687 2555 Petri
2717 2502 2777 2555 et
2870 2496 2885 2505 '

436 2600 694 2680 magistri
725 2597 1007 2684 Tadei10)
1055 2600 1336 2681 impediti.
1438 2600 1502 2663 Si
1531 2620 1669 2663 vero
1699 2600 1912 2681 aliquis
1942 2618 2138 2663 eorum
2168 2599 2368 2681 aliqua
2397 2598 2489 2661 die
2521 2620 2634 2662 non
2666 2599 2774 2662 erit

435 2705 493 2766 in
525 2706 884 2789 cancellaria*
911 2706 1034 2769 sine
1076 2707 1314 2771 licencia
1357 2708 1449 2768 vel
1476 2706 1647 2775 ,iusta
1689 2728 1895 2780 causa,
1926 2707 2200 2787 puniatur
2228 2706 2289 2768 in
2319 2705 2587 2787 expensis
2615 2706 2777 2769 illius

436 2810 547 2874 diei
577 2813 892 2877 scribendo.

611 2918 726 2981 Per
753 2920 1070 3000 dompnum
1101 2920 1443 3001 Philippum
1474 2921 1844 3001 capellanum
1883 2918 2341 3003 imperialem11)
2372 2920 2635 2999 legentur
2665 2938 2771 2999 pe—

434 3023 670 3087 ticiones
695 3044 888 3088 coram
919 3026 1194 3107 magistro
1225 3026 1398 3089 Petro
1429 3035 1488 3087 et
1500 3025 1776 3106 magistro
1795 3026 1992 3087 Tadeo
2006 3022 2089 3110 12)
2118 3026 2215 3085 vel
2246 3020 2526 3107 altero13)
2557 3041 2771 3099 eorum,

434 3131 483 3191 si
514 3151 663 3193 unus
709 3132 1044 3195 infirmitate
1092 3133 1423 3216 prepeditus
1471 3132 1568 3193 vel
1614 3134 1826 3193 absens
1853 3131 2127 3193 interesse
2156 3150 2272 3195 non
2304 3138 2498 3210 posset
2526 3129 2622 3189 vel
2651 3128 2773 3191 alia

425 3236 586 3299 iusta
616 3258 810 3311 causa,
839 3238 897 3301 in
929 3257 1158 3301 camera
1171 3286 1188 3312 ,
1227 3259 1339 3318 que
1369 3238 1475 3299 erit
1505 3256 1677 3318 super
1714 3237 2089 3309 cancellaria,
2132 3234 2367 3299 remotis
2405 3233 2537 3298 aliis
2580 3234 2771 3297 omni-

433 3343 561 3416 bus,
591 3344 687 3403 vel
717 3344 765 3405 si
796 3362 1024 3407 camera
1053 3364 1168 3407 non
1196 3329 1384 3417 fuerit,
1412 3344 1473 3405 in
1503 3344 1789 3407 secreciori
1823 3353 1986 3424 parte
2015 3345 2237 3406 domus,

610 3448 836 3511 Ibidem
865 3448 1048 3511 eciam
1079 3468 1180 3531 per
1210 3447 1550 3529 magistrum
1582 3448 1968 3512 Guillelmum
1998 3452 2068 3511 de
2099 3444 2411 3529 Tocc014),
2445 3446 2545 3527 qui
2574 3452 2769 3507 statu-

434 3560 530 3614 tus
550 3555 681 3632 [est,
702 3556 796 3634 ut]
815 3552 1150 3638 recipiat15)
1182 3573 1380 3617 omnes
1412 3554 1655 3626 litterae,
1686 3575 1797 3634 qne
1827 3554 2139 3616 mittuntur
2168 3551 2399 3613 domino
2417 3547 2768 3631 imperatori,

434 3658 699 3739 legantur
727 3680 926 3721 omncs
956 3660 1145 3721 littere
1176 3659 1517 3739 supradicte,
1549 3658 1659 3721 nisi
1707 3659 1784 3721 sit
1827 3660 2047 3740 aliquid
2078 3660 2149 3720 de
2179 3652 2505 3738 secretislss)
2550 3653 2768 3717 domini

435 3764 530 3825 vel
567 3768 719 3845 quod
733 3762 816 3849 l⁷)
847 3774 1053 3847 tangat
1083 3784 1215 3827 eum
1245 3764 1568 3845 specialiter
1599 3763 1694 3825 vel
1725 3765 1979 3845 aliquem
2009 3766 2081 3826 de
2110 3764 2267 3825 curia
2296 3782 2419 3835 sua,
2450 3760 2603 3841 quod
2616 3758 2771 3840 leget

433 3869 544 3950 ipsi
587 3870 819 3933 domino
832 3917 848 3944 ,
893 3880 952 3933 et
993 3872 1139 3934 lecte
1176 3870 1591 3933 distribuentur
1633 3881 1735 3951 per
1778 3890 1911 3933 eum
1962 3889 2064 3951 per
2106 3868 2359 3931 notarios
2396 3866 2766 3947 expediendo.

435 3975 768 4039 Scribentur
795 3996 1070 4057 responsa
1099 3976 1422 4039 litterarum
1452 3976 1512 4038 in
1543 3985 1701 4055 tergo
1731 3976 2053 4049 cuiuslibet,
2091 3983 2262 4055 prout
2290 3970 2629 4035 summatim
2658 3990 2768 4032 no·-

434 4082 596 4145 tariis
643 4082 768 4145 dari
817 4084 1030 4163 poterit
1075 4083 1420 4145 intellectus.
1478 4082 1700 4143 Littere
1729 4100 1866 4143 vero
1894 4100 2094 4143 omnes
2122 4080 2329 4161 scripte
2360 4078 2683 4158 relegentur
2705 4074 2766 4135 in

435 4198 738 4269 conspectu
757 4188 1139 4269 predictorum
1161 4197 1220 4249 et
1237 4190 1345 4249 sub
1365 4186 1554 4285 s'igillo
1569 4186 1813 4253 alterius
1839 4204 2033 4248 eorum
2048 4189 2067 4227 ¹
2081 4182 2131 4271 ⁸)
2162 4186 2547 4266 portabuntur
2574 4182 2650 4242 ad
2680 4178 2765 4242 si-
