3144 4821
1397 259 1834 324 ...30-

453 438 754 524 spirituale
782 434 1058 518 gladium,
1087 437 1275 500 altera
1303 456 1419 500 non
1447 436 1677 499 differat
1704 454 1808 517 per
1850 435 2151 498 materiale
2192 453 2451 500 exercere
2464 483 2481 510 ,
2526 457 2599 498 ne
2640 438 2788 498 forte

451 552 776 626 emergente
817 551 1162 624 tempestate
1199 541 1466 615 interius,
1516 562 1629 623 que
1676 541 1885 604 talium
1929 542 2103 603 debet
2148 543 2355 604 dextra
2401 541 2789 622 tranquillari,

454 650 809 716 concutiatur
852 657 912 709 et
956 646 1379 710 comminuatur
1421 647 1693 710 machina
1736 646 2044 708 mundalis.
2114 645 2417 732 (Narratio
2430 644 2472 730 τ)
2531 644 2789 716 Quantis

453 758 626 838 igitur
666 752 948 834 angustiis
991 762 1050 813 et
1091 752 1395 833 pressuris,
1444 753 1679 833 quantis
1728 752 1897 814 hodie
1945 750 2355 814 Christianitas
2402 751 2787 833 procellarum

453 859 752 944 spiritibus
781 867 840 919 et
869 855 1164 918 turbinum
1178 838 1464 920 ‘fluctibus
1481 857 1749 938 agitetur,
1779 856 2159 938 apostolicam
2176 877 2291 920 non
2304 857 2587 920 credimus
2604 857 2788 918 latere

453 965 838 1035 sanctitatem,
869 980 998 1023 cum
1028 961 1379 1025 extrinsecus
1410 962 1763 1024 hostilitates
1792 963 2131 1044 impugnent
2172 973 2233 1024 et
2255 961 2599 1026 intrinsecus
2626 960 2791 1024 bella

455 1079 694 1153 surgant
722 1067 971 1132 crebrius
1002 1065 1291 1141 intestina,
1321 1067 1633 1149 quoniam1
1646 1068 1693 1152 1)
1724 1089 1799 1130 ex
1827 1067 2043 1136 oriente
2073 1077 2273 1131 contra
2289 1077 2505 1131 terram
2522 1076 2788 1130 sanctam

455 1189 515 1242 et
556 1197 633 1240 ex
674 1175 962 1238 occidente
1004 1183 1204 1236 contra
1245 1171 1462 1236 Christi
1506 1183 1792 1237 caractere
1830 1173 2131 1256 insIgnitos
2178 1172 2492 1236 Christiani
2541 1173 2790 1238 nominis

454 1284 686 1349 seviunt
713 1277 928 1343 inimici
957 1287 1032 1352 et,
1062 1280 1217 1360 quod
1246 1259 1669 1343 formidolosius
1698 1291 1818 1355 est,
1848 1280 2155 1344 seditiones
2185 1289 2245 1342 et
2272 1298 2506 1362 guerras
2546 1280 2695 1342 inter
2722 1301 2789 1341 se

453 1393 638 1453 facere
656 1406 771 1449 non
787 1383 1054 1447 desinunt
1073 1382 1404 1447 Christiani.
1436 1384 1679 1470 (Petitio
1693 1385 1734 1470 :)
1754 1387 2079 1468 Eapropter
2096 1386 2513 1448 beatitudinem
2531 1396 2787 1448 vestram

455 1493 784 1577 supplicum
814 1508 1046 1572 precum
1075 1489 1354 1553 instantia
1383 1491 1781 1573 multipliciter
1807 1491 1869 1554 in
1886 1491 2117 1555 domino
2134 1492 2483 1574 flagitamus,
2510 1491 2788 1572 quatinus

456 1603 533 1665 ad
575 1595 1036 1661 Christianitatis
1092 1605 1314 1658 statum
1357 1593 1673 1678 apostolice
1716 1597 2184 1660 considerationis
2224 1598 2409 1660 aciem
2451 1597 2787 1678 propensius

455 1705 847 1775 extendentes,
877 1702 976 1764 uni
1006 1702 1245 1764 duorum
1279 1702 1519 1766 istorum
1547 1703 1825 1786 Philippo
1872 1703 1968 1766 vel
2016 1702 2219 1766 Ottoni
2233 1750 2250 1778 ,
2296 1703 2398 1784 qui
2445 1705 2516 1766 de
2563 1702 2788 1784 imperii

455 1811 734 1893 dignitate
764 1808 1139 1882 contendunt,
1183 1809 1278 1870 vel
1307 1808 1546 1872 cuilibet
1575 1809 1679 1871 alii
1709 1809 1881 1892 digno
1910 1810 2220 1873 clementer
2248 1827 2499 1872 annuere
2529 1818 2589 1870 et
2616 1811 2787 1871 favo·-

453 1936 577 1981 rem
605 1915 800 1978 velitis
828 1914 1209 1996 apostolicum
1252 1915 1547 1996 impertiri.
1611 1915 1941 2001 (Conclusio
1954 1914 1997 2000 ε)
2044 1918 2139 1978 Ita
2185 1916 2340 1997 quod
2386 1917 2458 1978 de
2498 1925 2683 1978 cetero
2725 1915 2787 1976 in

453 2022 604 2086 tanti
634 2021 976 2085 discriminis
1005 2020 1323 2102 periculum
1359 2030 1419 2082 et
1448 2020 1731 2083 iacturam
1760 2042 1877 2084 non
1918 2021 2329 2103 comprimatur
2370 2022 2598 2086 malitia
2626 2023 2789 2084 Iesus

455 2127 739 2203 Christus,
767 2129 868 2190 sed
896 2126 1284 2190 misericordia
1312 2127 1622 2190 salvatoris
1651 2138 1711 2190 et
1738 2127 2256 2210 circumspectionis
2273 2137 2461 2190 vestre
2477 2129 2789 2210 providen-

455 2234 540 2297 tia
568 2234 825 2308 faciente,
855 2252 1074 2296 necnon
1103 2232 1516 2295 interveniente
1546 2234 1801 2316 principe
1830 2232 2179 2307 Christiano,
2210 2233 2518 2297 cuiuslibet
2530 2234 2788 2298 obscuri-

453 2339 596 2402 tatis
625 2339 827 2400 nubila
858 2338 1264 2420 propulsentur
1291 2347 1353 2399 et
1380 2339 1697 2400 adversarii
1728 2340 1987 2402 cominus
2026 2349 2333 2402 arceantur
2361 2338 2788 2421 Christianique

453 2445 701 2510 nominis
731 2446 1076 2526 professores
1104 2442 1289 2506 sancti
1321 2444 1536 2521 decoris
1565 2446 1811 2525 gloriam
1843 2455 1903 2508 et
1930 2456 2130 2529 optate
2158 2445 2483 2509 serenitatis
2510 2446 2622 2509 sibi
2652 2462 2787 2529 per-

449 2553 674 2615 venisse
703 2552 1099 2631 congaudeant
1126 2548 1467 2613 claritatem.
1483 2562 1512 2593 ⁴¹

628 2659 802 2730 Nunc
829 2674 965 2720 vero
983 2703 999 2730 ,
1030 2656 1242 2739 quibus
1273 2656 1458 2720 modis
1488 2678 1563 2719 ex
1592 2658 1713 2720 suis
1755 2659 2019 2740 partibus
2048 2668 2311 2723 constare
2338 2658 2632 2741 contingat
2658 2657 2788 2739 epi·-

452 2765 682 2838 stolam,
713 2762 1029 2824 videamus.
1092 2760 1339 2824 Constat
1365 2776 1563 2825 autem
1594 2772 1728 2843 post
1756 2764 2164 2828 salutationem
2208 2765 2457 2846 epistola
2497 2764 2786 2828 interdum

451 2891 526 2934 ex
554 2879 802 2951 quatuor
830 2867 1112 2948 partibus,
1141 2866 1430 2931 interdum
1459 2888 1534 2930 ex
1563 2870 1767 2943 tribus,
1796 2868 2084 2933 interdum
2113 2890 2190 2933 ex
2218 2872 2468 2944 duobus,
2498 2868 2787 2933 interdum

451 2997 526 3039 ex
554 2996 671 3038 una
703 2983 947 3038 tantum.
1007 2975 1103 3036 Ex
1131 2983 1380 3055 quatuor
1408 2974 1716 3049 constabit,
1744 2975 1961 3039 scilicet
1978 2976 2229 3051 exordio,
2258 2976 2601 3050 narratione,
2631 2974 2788 3057 peti-—

451 3082 604 3147 tione
634 3090 694 3144 et
722 3080 1098 3155 conclusione,
1127 3082 1238 3144 hoc
1266 3082 1466 3144 modo:

630 3229 659 3259 ,
674 3186 1096 3267 Sopiendarurn
1125 3186 1315 3249 litium
1346 3186 1472 3249 iura
1500 3196 1663 3250 tenet
1690 3187 1841 3249 sedis
1868 3188 2183 3269 apostolice
2212 3190 2597 3253 moderamen.
2628 3186 2785 3252 Sane

449 3302 783 3375 suggestum
811 3301 901 3353 est
929 3290 1283 3373 apostolatui
1313 3300 1532 3366 nostro,
1562 3294 1718 3374 quod
1747 3292 1894 3355 inter
1935 3293 2295 3357 venerabiles
2336 3295 2543 3358 fratres
2572 3295 2785 3369 Ferra-

447 3398 696 3461 riensem
724 3405 784 3458 et
814 3396 888 3459 Gr.
919 3396 1340 3460 Bononiensem
1371 3397 1667 3479 episcopos
1694 3417 1867 3480 super
1885 3398 2169 3463 limitibus
2187 3399 2483 3481 utriusque
2498 3399 2786 3463 dioceseos

450 3504 766 3565 inveterate
817 3504 1194 3566 controversie
1241 3502 1486 3565 materia
1533 3504 1838 3567 reviviscit.
1928 3508 2179 3587 Ideoque
2224 3506 2549 3569 discretioni
2596 3513 2784 3567 vestre

449 3610 812 3684 mandamus
841 3608 1117 3690 quatinus
1146 3609 1412 3691 partibus
1440 3610 1769 3673 convocatis
1798 3630 1970 3693 super
1998 3610 2383 3675 controversia
2424 3611 2584 3692 ipsa,
2626 3609 2785 3673 omni

449 3714 842 3797 appellatione
872 3724 932 3777 et
960 3715 1252 3780 occasione
1281 3715 1640 3779 cessantibus
1654 3763 1671 3791 ,
1715 3726 1911 3779 nostra
1940 3717 2071 3779 freti
2100 3717 2443 3781 auctoritate
2474 3718 2649 3779 finem
2676 3717 2783 3778 de·-

448 3822 638 3884 bitum
666 3819 994 3903 imponatis,
1055 3822 1152 3883 Ita
1179 3823 1333 3903 quod
1363 3822 1528 3884 nulla
1557 3824 1629 3885 de
1660 3832 1846 3885 cetero
1877 3822 2012 3885 hinc
2038 3822 2172 3884 inde
2201 3831 2500 3885 remaneat
2538 3820 2784 3885 materia

449 3926 826 4009 malignandi.
843 3937 871 3968 «

627 4030 721 4095 Ex
749 4032 936 4094 tribus
965 4041 1162 4094 autem
1191 4033 1456 4113 partibus
1484 4043 1712 4097 constat
1740 4033 1988 4115 epistola
2016 4033 2358 4116 supradictis
2371 4081 2388 4110 ,
2430 4034 2648 4097 scilicet
2677 4033 2782 4114 [si]

447 4139 744 4201 exordium
773 4138 896 4201 sive
925 4138 1209 4201 conclusio
1239 4142 1633 4203 subtrahatur.
1694 4142 1789 4203 Ex
1818 4141 2045 4203 duabus
2073 4158 2208 4203 vero
2250 4140 2541 4203 constabit
2556 4185 2574 4213 ,
2622 4138 2783 4202 scili-
