3144 4821
1230 345 1672 408 ..21-

284 517 417 578 disse
453 534 552 577 erst
586 527 666 576 die
717 541 821 594 sog.
877 527 1297 593 kanzleiordnung
1350 525 1621 576 Manfred’s
1673 525 1774 575 und
1830 523 1962 573 dann
2016 523 2148 572 diese
2198 519 2313 588 (von
2358 514 2513 584 1272)
2551 531 2613 566 zu

205 675 208 680 ¹
283 617 466 682 fulgen.
538 615 697 677 Unter
731 615 898 665 diesen
933 615 1229 665 umstanden
1263 616 1445 681 glaube
1479 613 1562 664 ich
1599 614 1719 664 fteie
1753 614 1889 663 hand
1936 628 1998 662 zu
2050 611 2230 667 haben,
2284 609 2365 657 die
2422 606 2612 656 reihen-

283 706 415 771 folge
438 703 596 754 dieser
618 703 795 753 stiicke
818 705 948 753 nach
983 704 1187 752 inneren
1221 703 1447 769 griinden
1483 688 1835 752 umzuandern.
1875 729 1941 740 —-
1987 702 2023 761 ¹)
2062 698 2295 748 Officium
2332 692 2613 746 cancellarii

283 795 331 843 b.
364 819 428 830 —-
469 790 511 860 1)
547 775 737 842 Iffiavit
778 806 818 841 c.
847 813 850 815 “
878 819 940 828 -
989 792 1030 853 ⁸)
1073 792 1342 842 secundum
1378 793 1586 841 inferius
1640 795 1906 840 annotatur
1939 789 1988 838 b.
2029 815 2091 825 -—
2136 785 2179 854 4)
2238 786 2273 834 i.
2310 799 2368 842 r.‚
2405 781 2531 831 fehlt
2564 780 2613 829 b.

285 909 349 922 —·-
393 881 434 942 ⁶)
469 886 668 930 tantum
704 881 753 932 b.
795 909 858 917 —
903 880 944 942 ο)
981 885 1084 929 tam
1121 880 1183 930 de
1209 881 1323 930 inst.
1348 895 1495 944 quam
1522 879 1584 928 de
1607 878 1775 946 gracia
1810 878 1860 927 b.
1903 905 1963 915 —
2008 874 2047 944 7)
2084 874 2323 940 provenit,
2375 872 2423 920 b.
2462 884 2504 919 c.
2545 895 2608 904 —

288 971 329 1031 9)
363 969 619 1035 privilegio
635 1005 650 1027 ‚
697 984 745 1018 a.
783 983 823 1020 c.
882 997 950 1006 -—
1009 969 1048 1030 9)
1085 969 1252 1036 gracia
1279 975 1367 1018 aut
1401 969 1610 1025 iusticia,
1665 982 1712 1016 a.
1772 980 1814 1015 c.
1871 995 1931 1004 —
1992 967 2055 1026 10)
2108 965 2205 1012 litt.
2260 961 2387 1018 aliis,
2439 959 2489 1008 b.
2546 985 2609 994 --

292 1055 357 1126 11)
391 1071 480 1123 per
513 1073 628 1108 suas
664 1064 753 1108 aut
788 1057 1006 1123 quolibet
1039 1057 1228 1106 litteras
1274 1057 1398 1106 alias
1445 1057 1495 1107 b.
1543 1083 1606 1092 —
1660 1051 1725 1123 11)
1767 1053 2065 1118 quibuslibet
2098 1050 2315 1117 negociis
2350 1061 2525 1113 prom,
2560 1045 2610 1092 b.

284 1169 353 1182 -—
400 1146 464 1204 ¹⁸)
501 1145 906 1196 excumbentibus
943 1151 993 1195 et
1027 1145 1188 1210 pocul.
1225 1159 1301 1204 c.;
1351 1145 1566 1210 exceptis
1601 1143 1728 1193 fehlt
1768 1158 1815 1192 a.
1853 1156 1895 1192 c.
1937 1168 1999 1178 —-
2060 1138 2124 1207 14)
2162 1140 2254 1188 erit
2285 1137 2411 1187 fehlt
2446 1150 2512 1191 a..
2549 1133 2615 1182 sit

281 1247 325 1282 c.
366 1261 429 1270 -
476 1233 546 1300 ¹⁶)
583 1249 674 1298 nec
709 1235 890 1300 scripta
925 1249 966 1284 c.
1011 1261 1073 1272 —-
1120 1232 1184 1302 ¹⁶)
1221 1234 1450 1298 inscripc.
1485 1234 1534 1283 b.
1578 1261 1639 1270 —-
1680 1231 1744 1300 17)
1773 1231 2071 1297 pressionem
2100 1243 2144 1279 c.
2182 1253 2237 1264 -·
2282 1226 2346 1286 ¹⁸)
2366 1237 2489 1289 quas
2514 1257 2527 1271 .
2554 1255 2569 1270 .
2596 1253 2611 1268 .

281 1335 389 1371 esse
418 1328 631 1372 secretas
671 1324 738 1381 b.‚
773 1329 984 1374 secretas
1021 1337 1076 1373 e.·
1105 1350 1166 1361 -·
1216 1318 1281 1389 19)
1323 1336 1419 1387 que
1455 1321 1582 1371 fehlt
1618 1337 1665 1370 a.
1706 1349 1768 1358 —
1813 1316 1881 1387 10)
1920 1319 2044 1368 Cum
2064 1318 2115 1366 b.
2141 1343 2210 1352 —
2251 1311 2320 1382 11)
2357 1311 2523 1362 tradat
2558 1310 2609 1362 b.

285 1437 350 1446 —
381 1407 451 1478 11)
481 1412 676 1462 racione
704 1419 871 1462 autem
898 1413 950 1462 b.
987 1439 1049 1450 —-
1086 1414 1151 1476 11)
1179 1413 1452 1476 promissio,
1471 1427 1513 1462 c.
1537 1439 1599 1448 -
1641 1412 1707 1472 14)
1740 1425 1783 1458 a.
1819 1410 1874 1466 f.‚
1909 1409 1985 1466 b.;
2023 1405 2173 1456 alieni
2190 1418 2231 1454 c.
2265 1429 2327 1440 —
2371 1399 2439 1468 ²⁶)
2478 1399 2610 1449 elau-

280 1498 392 1547 sula
425 1512 469 1552 c.
510 1527 573 1536 —
617 1496 685 1567 ²⁸)
738 1515 827 1550 seu
874 1503 955 1552 vel
1015 1504 1066 1552 b.
1118 1529 1181 1538 —
1241 1499 1308 1570 17)
1352 1502 1502 1568 sigili.
1547 1499 1771 1550 custodia
1822 1513 1889 1556 a„
1942 1494 2179 1563 sigillabit
2230 1490 2392 1558 sigillo
2446 1503 2488 1538 c.
2548 1513 2602 1524 —-

285 1582 354 1653 2⁸)
403 1586 548 1651 impr.
597 1587 783 1638 domini
817 1589 866 1638 b.
905 1617 971 1630 -
1014 1590 1080 1653 19)
1116 1591 1404 1656 prescripcio
1457 1590 1506 1639 b.
1550 1618 1612 1627 —
1656 1590 1723 1650 ⁸⁰)
1760 1585 1980 1652 quolibet
2015 1583 2142 1635 fehlt
2189 1582 2237 1631 b.
2301 1606 2370 1616 —
2428 1574 2497 1638 ⁹¹)
2547 1573 2612 1624 ad

278 1673 698 1739 prothonotarium
734 1678 784 1727 b.
837 1706 900 1715 —
955 1677 1020 1740 ³²)
1039 1693 1170 1732 ,vero
1204 1680 1253 1728 b.
1300 1707 1358 1717 --
1401 1676 1469 1747 ⁸⁸)
1506 1677 1571 1726 ad
1606 1675 1831 1742 prothon.
1869 1673 1996 1724 fehlt
2028 1687 2099 1731 c.;
2151 1685 2228 1720 ex.
2288 1685 2337 1734 p.
2397 1667 2449 1724 1.,
2486 1662 2613 1713 fehlt

277 1762 328 1810 b·
378 1789 448 1799 ““
503 1761 572 1831 ⁸⁴)
621 1765 826 1828 scriptas
875 1766 923 1822 b·
981 1795 1049 1804 -
1107 1768 1174 1829 ⁸⁸)
1229 1769 1432 1832 opcione
1483 1768 1532 1818 b.
1596 1795 1652 1804 —
1718 1766 1791 1829 ⁸⁶)
1839 1763 2159 1815 cancellarius
2208 1755 2497 1809 canceuarie
2546 1763 2611 1800 an

279 1865 402 1900 corr.
449 1850 614 1900 littera
649 1854 898 1904 notificato
932 1856 1012 1914 b.;
1049 1857 1339 1917 cancellarie
1375 1856 1637 1906 cancellari
1674 1869 1733 1904 ac
1767 1868 1889 1903 corr.
1926 1853 2020 1902 litt.
2072 1849 2351 1900 nominatas
2364 1880 2379 1903 ‚
2434 1858 2477 1893 c.
2546 1869 2602 1878 —

283 1933 352 2005 ⁸⁷)
399 1952 453 1988 so
489 1954 536 1988 a.
574 1940 640 1998 b..
677 1949 876 2008 correct.
915 1958 958 1993 c.
999 1971 1063 1980 —
1094 1942 1162 2013 ⁸⁸)
1199 1945 1263 1993 ad
1299 1944 1346 1995 d.
1384 1960 1424 1994 r.
1461 1958 1620 1994 consc.
1658 1943 1813 1992 eciam
1852 1946 2071 1992 curretur
2105 1939 2155 1988 b.
2184 1965 2245 1974 -
2282 1931 2349 2002 ⁸⁹)
2374 1921 2609 1999 regestre-

277 2031 361 2076 tur
395 2041 460 2083 a„
494 2029 818 2094 registrentur
850 2032 899 2082 b.
938 2047 980 2082 c.
1023 2060 1083 2070 -
1127 2030 1196 2100 40)
1231 2033 1451 2099 registris
1485 2033 1534 2081 b.
1572 2047 1634 2088 c.‚
1669 2046 1722 2080 so
1759 2029 1889 2078 auch
1915 2026 2185 2076 weiterhin.
2222 2053 2279 2062 -
2314 2019 2383 2090 41)
2410 2026 2460 2069 et
2484 2016 2611 2068 fehlt

277 2113 324 2161 b·
367 2141 432 2151 ·-
473 2115 541 2176 ⁴⁹)
584 2131 681 2180 que
733 2134 833 2169 non
869 2121 961 2170 erit
995 2121 1044 2170 b.
1085 2149 1145 2158 ·-
1188 2122 1257 2182 ⁴⁸)
1295 2121 1693 2187 Registraciones
1735 2101 1783 2168 b.
1828 2145 1890 2154 —
1947 2118 2015 2177 44)
2070 2114 2403 2177 unusquisque
2451 2108 2501 2156 b.
2541 2133 2604 2142 -

279 2199 352 2268 ⁴⁶)
386 2203 724 2270 unusquisque
757 2208 974 2271 ipsorum
1008 2210 1237 2260 videlicet
1269 2223 1356 2272 pro
1395 2208 1615 2272 qualibet
1648 2213 1876 2256 tei-enum
1901 2219 2058 2255 unum
2094 2209 2145 2252 et
2179 2215 2279 2250 non
2302 2199 2435 2247 ultra.
2460 2194 2609 2244 detur

277 2295 330 2339 0¹²
365 2297 543 2350 Cetera,
579 2293 659 2352 διε
709 2311 790 2362 gr.
821 2301 876 2353 1.
927 2304 978 2347 et
1029 2312 1130 2346 non
1178 2297 1331 2354 ultra,
1387 2311 1430 2345 c.
1491 2324 1552 2333 —
1608 2295 1677 2357 ⁴⁶)
1736 2289 2231 2346 Item—cancellarii,
2283 2286 2409 2338 fehlt
2457 2300 2504 2332 a.
2563 2297 2605 2333 c.

277 2377 443 2451 Dafiir
475 2381 610 2433 steht
643 2383 698 2435 in
731 2384 908 2436 beiden
942 2385 1071 2435 noch
1107 2385 1334 2453 folgende
1370 2383 1659 2437 historische
1694 2383 1825 2434 notiz
1858 2396 1955 2433 von
1996 2375 2159 2429 1272:

451 2506 562 2569 Die
604 2508 888 2573 dominico
930 2509 1300 2573 nonodecimo
1336 2509 1534 2573 marcii
1578 2530 1677 2572 xv.
1721 2506 2045 2571 indictionis
2057 2502 2107 2591 1)
2150 2504 2309 2585 apud
2352 2502 2604 2563 Menna-

274 2609 476 2697 11111113)
495 2614 780 2696 ⁴magister
810 2613 1030 2697 Symon
1059 2618 1131 2678 de
1161 2616 1418 2678 Parisius
1447 2616 1604 2696 regni
1635 2614 1831 2678 Sicilie
1860 2610 2235 2676 cancellarius
2262 2609 2323 2671 in
2366 2624 2606 2688 presen-

273 2718 366 2780 cia
402 2720 618 2783 domini
647 2721 797 2802 regis
827 2721 1019 2785 Caroli
1060 2722 1274 2785 iuravit
1287 2769 1304 2796 ‚
1349 2722 1503 2804 quod
1545 2720 1723 2784 nichil
1772 2738 1878 2801 pro
1886 2717 1939 2803 ³)
1982 2738 2043 2780 se
2084 2715 2321 2797 recipiet
2362 2722 2421 2775 et
2462 2710 2605 2773 reti-

274 2825 436 2887 nebit
478 2827 550 2887 de
589 2828 745 2889 omni
774 2828 1016 2909 pecunia.
1051 2838 1433 2910 proventuum
1476 2830 1553 2890 ad
1598 2847 1730 2891 eum
1758 2826 1984 2890 racione
2012 2822 2187 2905 sigilli
2228 2830 2356 2883 tam
2400 2820 2472 2881 de
2501 2817 2606 2880 lit-

272 2930 415 2992 teris
443 2931 808 3008 notasiorum‚
850 2934 1104 2997 iudicum
1132 2944 1192 2997 et
1220 2934 1470 2997 aliarum
1497 2952 1871 3016 personarum
1899 2950 2078 3014 quam
2107 2932 2178 2991 de
2207 2924 2521 3009 privilegiis
2550 2932 2609 2986 et

273 3034 409 3097 aliis
437 3035 643 3099 litteris
670 3038 1100 3121 quibuscunque
1129 3040 1340 3104 clausis
1369 3050 1428 3102 et
1456 3035 1871 3123 patentibus4),
1912 3033 2084 3120 nisi⁵)
2120 3051 2225 3115 pro
2268 3032 2467 3095 eodem
2496 3032 2606 3093 do-

273 3142 431 3206 mino
459 3162 608 3225 rege,
629 3155 820 3226 preter
829 3143 880 3231 ⁶)
909 3146 1212 3227 pecuniam
1241 3146 1593 3209 notariorum
1624 3142 1921 3209 Ptovincie
1949 3140 2341 3206 ordinatorum
2370 3154 2473 3218 per
2501 3135 2606 3199 lit-

272 3259 430 3313 teras
455 3251 605 3331 regis
633 3251 704 3314 de
733 3254 1013 3315 mandato
1041 3273 1162 3327 suo,
1193 3262 1252 3315 et
1279 3254 1642 3335 computabit
1652 3249 1700 3337 7)
1739 3253 1891 3314 idem
1922 3247 2296 3313 cancellarius
2324 3246 2397 3306 de
2424 3262 2603 3324 pecu-

273 3354 374 3417 nia
389 3355 520 3437 ipsa
534 3375 756 3419 camere
785 3366 846 3419 et
873 3357 1088 3419 nemini
1107 3358 1358 3439 graciam
1375 3354 1548 3422 faciet
1564 3360 1637 3421 de
1666 3357 1875 3420 litteris
1904 3356 2027 3419 sive
2062 3349 2377 3435 privilegiis
2392 3366 2603 3429 supra-

273 3459 442 3523 dictis
469 3462 590 3524 sine
619 3465 898 3526 mandato
927 3463 1083 3543 regio
1100 3510 1116 3537 ‚
1147 3464 1312 3526 salvo
1341 3465 1412 3526 de
1442 3463 1653 3527 litteris
1696 3462 2120 3546 peregrinorum
2138 3507 2155 3536 ,
2194 3473 2513 3540 pauperum
2545 3462 2605 3515 et

269 3566 520 3629 aliarum
547 3568 960 3633 miserabilium
992 3588 1380 3650 personarum.

465 3705 502 3776 ¹)
538 3710 925 3779 Tagesangaben
957 3712 1062 3762 und
1095 3710 1331 3762 indiction
1363 3712 1597 3764 stimmen
1630 3712 1769 3764 nicht
1800 3727 1863 3763 zu
1910 3709 2155 3762 einander.
2229 3708 2343 3757 Den
2392 3710 2607 3755 ersteren

271 3796 478 3848 wiirden
523 3796 604 3847 die
633 3798 778 3862 jahre
832 3797 984 3851 1273.
1028 3796 1182 3850 1279.
1221 3796 1375 3850 1284.
1418 3796 1569 3849 1290.
1613 3797 1768 3851 1301.
1810 3796 1963 3859 1307,
2018 3800 2105 3849 der
2155 3798 2390 3849 letzteren
2447 3790 2599 3843 1272.

275 3881 430 3933 1287.
472 3882 610 3935 1802
633 3889 969 3952 entsprechen.
1007 3887 1216 3939 Obwohl
1251 3890 1332 3938 ein
1367 3888 1576 3939 iri-thum
1613 3890 1665 3939 in
1702 3889 1787 3939 der
1821 3890 2015 3955 angebo
2050 3888 2137 3938 der
2169 3886 2405 3939 indiction
2440 3882 2600 3932 walin

268 3974 598 4025 scheinlicher
619 3975 684 4025 ist
708 3977 782 4026 als
815 3977 894 4026 bei
930 3978 1024 4028 den
1059 3978 1532 4045 ausgeschriebenen
1566 3977 1791 4030 wochen-
1835 3977 1939 4027 und
1974 3969 2599 4043 monatstagsbezeichnun—

270 4077 369 4129 gen
405 4061 510 4111 und
545 4069 690 4113 unter
725 4064 882 4114 dieser
903 4072 1335 4135 voraussctzunges
1369 4067 1476 4118 sich
1511 4066 1794 4131 empfehlen
1828 4065 1997 4116 wiirde
2031 4066 2132 4115 xiv.
2168 4066 2252 4115 fiir
2284 4076 2363 4111 xv.
2400 4058 2501 4109 ind.
2538 4072 2601 4107 zu

270 4152 422 4210 lesen,
459 4152 512 4201 in
546 4151 784 4202 welcbem
812 4152 930 4202 falle
965 4154 1044 4204 die
1079 4155 1400 4221 zeitangaben
1449 4156 1581 4205 beim
1627 4159 1667 4219 j.
1710 4152 1841 4203 1301
1879 4154 2368 4209 zusammentreffen‚
2405 4152 2468 4199 ist
2492 4147 2600 4198 hier

271 4236 398 4287 doch
431 4238 582 4289 allein
623 4238 704 4290 die
740 4239 974 4292 indiction
1009 4241 1203 4308 richtig.
1277 4244 1424 4296 Denn
1461 4240 1634 4295 Simon
1672 4244 1732 4295 de
1766 4243 1984 4295 Parisius
2005 4242 2141 4294 werd
2180 4237 2316 4291 1272
2352 4240 2473 4290 febr.
2512 4238 2597 4289 der
