3144 4821
1413 308 1856 376 ...18—

650 487 765 550 Pro
797 487 992 550 littera
1019 492 1090 552 de
1121 489 1475 550 concedendo
1499 498 1759 551 mercato
1788 508 1891 551 seu
1920 487 2191 550 nundinis
2560 499 2666 550 tar.
2698 488 2795 550 xii.

647 593 762 656 Pto
793 593 992 656 littera
1022 597 1092 656 de
1123 591 1499 658 subventione
1528 593 1855 675 recipienda
1883 614 1922 655 a
1950 592 2223 656 vassallis
2561 603 2669 656 tar.
2699 593 2797 656 xii.

644 699 758 762 Pro
789 700 982 762 littera
1011 701 1083 761 de
1113 699 1536 762 assecuracione
1566 700 1955 774 vassallorum
2562 709 2669 761 tar.
2700 699 2799 761 xii.

647 804 762 867 Pro
790 804 986 866 littera
1014 807 1086 867 de
1116 807 1378 886 ponendo
1407 805 1663 887 aliquem
1691 805 1752 868 in
1781 805 2138 887 possessione
2560 815 2669 866 tar.
2701 803 2800 866 xii.

647 909 762 973 Pro
791 909 986 972 littera
1014 909 1272 974 baliatus
2468 943 2474 948 ·
2560 920 2669 972 tar.
2700 909 2801 972 xii.

647 1016 762 1078 Pto
792 1016 987 1079 littera
1015 1018 1087 1078 de
1117 1016 1468 1080 extractione
1497 1016 1842 1080 victualium
1897 1025 2063 1079 extra
2110 1035 2349 1098 regnum
2391 1034 2496 1097 pro
2542 1015 2803 1098 quolibet

471 1122 795 1231 centenario
825 1123 1143 1185 salmarum
1173 1124 1461 1198 frumenti,
1491 1124 1539 1185 si
1584 1124 1863 1186 extractio
1908 1123 2038 1205 ipsa
2080 1122 2155 1185 sit
2202 1140 2470 1203 generose
2517 1141 2803 1195 concessa,

2369 1227 2784 1334 augustalem
2766 1247 2806 1288 1.

648 1331 713 1397 Si
741 1352 877 1398 vero
891 1331 974 1418 ¹⁸)
1003 1335 1080 1396 sit
1107 1343 1324 1415 empta,
2089 1333 2391 1396 dimidium
2419 1318 2804 1415 augustalem.

649 1443 730 1503 Et
757 1439 908 1502 infra
935 1457 1175 1520 regnum
2088 1440 2391 1502 dimidium
2419 1441 2802 1522 augustalem.

649 1547 740 1607 De
769 1548 939 1608 ordeo
969 1555 1029 1607 et
1070 1543 1456 1626 leguminibus
1497 1544 1806 1627 recipiatur
1853 1544 2131 1608 medietas
2175 1545 2456 1608 dictarum
2500 1546 2803 1628 quantita-

475 1660 601 1712 tum
645 1659 769 1712 tam
813 1651 964 1713 infra
1003 1670 1181 1731 quam
1211 1656 1394 1712 extra.

651 1757 766 1820 Pto
796 1755 992 1818 littera
1021 1756 1380 1837 prothontini
1965 1777 1973 1784 ’
2206 1795 2209 1798 -
2546 1778 2672 1820 nnc.
2703 1757 2803 1820 iiii.

652 1862 766 1924 Pro
794 1863 992 1925 littera
1019 1861 1382 1925 liberacionis
1410 1861 1644 1944 captivi,
1675 1862 1724 1925 si
1754 1862 1831 1924 sit
1858 1862 2138 1926 liberatus
2168 1864 2239 1925 de
2269 1863 2477 1944 gracia,
2566 1872 2674 1926 tar.
2707 1862 2806 1925 xii.

649 1969 731 2030 Et
758 1967 807 2030 si
837 1986 939 2049 per
965 1967 1253 2031 iusticiam
2403 1953 2413 1960 ⁶
2588 1977 2698 2030 tar.
2728 1968 2805 2030 vi.

651 2075 767 2136 Pro
794 2074 992 2138 littera
1020 2074 1374 2138 execucionis
1402 2073 1685 2136 sententie
2568 2083 2678 2136 tar.
2708 2055 2805 2136 iii.

653 2180 767 2242 Pro
797 2181 993 2242 littera
1019 2179 1406 2243 immunitatis
1434 2180 1741 2243 scolarium
2567 2190 2677 2245 tar.
2708 2179 2805 2242 xii.

653 2289 734 2348 Et
761 2287 810 2348 si
841 2287 1079 2368 plures
1063 2308 1124 2349 1n
1154 2307 1272 2349 nna
1299 2286 1496 2349 littera
1524 2286 1922 2394 contineantur
1959 2305 2225 2368 persone,
2272 2304 2375 2368 pro
2420 2306 2538 2349 una
2576 2295 2807 2348 tantum

475 2389 672 2455 littera
690 2400 778 2455 est
796 2393 1152 2456 solvendum.
1221 2387 1242 2398 ”

655 2500 804 2560 Item
849 2498 1224 2562 cancellarius
1252 2498 1448 2560 mittet
1489 2518 1689 2561 omnes
1731 2498 1956 2560 litteras
2003 2516 2105 2581 pro
2152 2498 2399 2579 negociis
2446 2498 2597 2561 curie
2640 2507 2807 2560 extra

478 2623 716 2687 regnum
745 2606 840 2666 vel
869 2598 1020 2666 infra
1047 2604 1229 2666 aliam
1258 2613 1473 2666 terram
1504 2624 1691 2678 suam,
1721 2625 1852 2667 cum
1880 2605 1963 2667 ibi
1992 2614 2161 2678 esset,
2191 2596 2293 2686 per'
2321 2622 2575 2667 cursores
2588 2600 2671 2687 l⁹)
2702 2624 2806 2685 pe-

477 2713 627 2773 dites
655 2712 733 2773 ad
763 2731 1048 2792 expensas
1077 2730 1213 2772 suas
1243 2719 1301 2771 et
1331 2719 1484 2772 emet
1513 2729 1719 2785 ceram,
1750 2720 1939 2773 cartas
1968 2720 2027 2773 et
2056 2719 2365 2791 quaternos
2394 2728 2497 2791 pro
2510 2708 2722 2771 litteris
2750 2718 2809 2771 et

477 2814 741 2897 regestris
785 2824 842 2877 et
871 2812 1355 2899 ⁴incaustrum⁵³⁰)‚
1385 2824 1446 2877 et
1474 2816 1666 2878 nuncii
1698 2816 1848 2878 curie
1878 2818 1955 2878 ad
2000 2816 2346 2879 scuterium²
2359 2812 2405 2901 1)
2449 2818 2808 2879 commedent

477 2920 537 2984 in
568 2920 824 3003 hospicio
853 2940 975 2997 sue,
1005 2940 1148 3001 quos
1177 2920 1360 3001 possit
1388 2922 1677 3003 corrigere,
1708 2938 1975 2984 amovere
2004 2930 2063 2983 et
2092 2921 2239 2985 alios
2269 2924 2593 3003 subrogare.

641 3028 738 3089 Et
765 3026 1028 3090 dominus
1055 3045 1160 3089 rex
1187 3038 1444 3089 reservat
1472 3027 1600 3102 sibi,
1632 3026 1785 3109 quod
1813 3028 2013 3110 possit,
2056 3028 2105 3090 si
2134 3028 2397 3103 voluerit,
2428 3027 2683 3109 predicta
2712 3026 2808 3090 vel

477 3135 678 3216 aliqua
707 3154 782 3197 ex
811 3136 894 3197 eis
922 3134 1210 3215 corrigere,
1255 3133 1560 3209 declarare,
1610 3134 1865 3197 minuere
1894 3134 1989 3196 vel
2020 3136 2245 3197 demere
2276 3155 2376 3236 seu
2406 3134 2527 3239 alia
2556 3136 2627 3197 de
2658 3152 2807 3196 novo

476 3242 734 3357 addere,
761 3250 932 3321 prout
960 3242 1032 3302 de
1061 3260 1170 3302 sua
1197 3237 1631 3325 prooesserit22)
1663 3240 1980 3301 voluntate
2202 3236 2207 3247 “

593 3437 598 3442 .
659 3394 709 3465 a)
746 3396 1082 3448 Ebendorther
1117 3398 1150 3447 f.
1189 3393 1261 3445 78
1295 3414 1368 3448 nr.
1406 3394 1494 3452 83.
1565 3396 1732 3447 Ueber
1764 3398 1845 3447 die
1878 3398 1975 3449 zeit
2008 3413 2047 3449 s.
2084 3414 2131 3448 ο.
2167 3414 2207 3449 s.
2250 3398 2317 3447 14
2363 3412 2425 3449 zu
2472 3412 2547 3447 nr.
2584 3394 2633 3446 3.
2707 3398 2807 3447 Am

480 3491 690 3535 unt-eren
733 3480 890 3535 rande
932 3500 1028 3536 von
1065 3486 1270 3535 ander-er
1304 3485 1466 3536 hand:
1504 3484 1759 3543 ,Karolns
1806 3486 2049 3536 secundus
2084 3492 2176 3535 etc
2214 3486 2481 3537 venerabili
2517 3492 2568 3535 et
2602 3486 2807 3536 discreto

479 3574 584 3623 vir‘o
611 3569 853 3639 'magistro
888 3574 978 3623 tali
1015 3572 1075 3623 de
1110 3564 1242 3624 tali¹
1216 3609 1231 3632 ‚
1283 3574 1460 3623 dilecto
1497 3574 1771 3624 consiliario
1826 3580 1877 3623 et
1910 3574 2045 3623 fideli
2080 3589 2168 3623 suo
2206 3580 2298 3623 etc.
2356 3574 2588 3624 Decrevit
2622 3574 2807 3639 optima
2848 3585 2864 3597 ‘

480 3658 676 3711 racione
689 3696 704 3718 ,
741 3666 799 3711 nt
832 3676 980 3725 snpra
1014 3663 1068 3711 in
1105 3654 1267 3713 officio
1315 3661 1698 3726 prothonotarii,
1736 3663 1940 3711 mutatis
1987 3661 2173 3711 verbis:
2211 3662 2297 3711 nbi
2333 3662 2511 3712 dicitur
2545 3661 2807 3727 prothono-

481 3750 690 3798 tariatus
703 3784 718 3806 ,
769 3749 960 3799 dicatur
995 3749 1273 3800 cancellarii
1309 3750 1526 3799 officinm
1565 3756 1657 3799 etc.
1728 3750 1789 3799 In
1846 3751 2016 3815 primis
2070 3750 2391 3800 cancellarius
2426 3750 2665 3816 sigillabit
2698 3755 2808 3806 etc„

483 3842 542 3887 ut
575 3851 724 3901 snpra
775 3837 830 3886 in
877 3837 972 3887 hiis
1021 3839 1248 3903 capitulis
1285 3839 1576 3888 continetur.
1590 3844 1613 3869 ‘
1653 3866 1717 3875 -
1754 3839 1805 3899 b)
1842 3837 1973 3887 nach
2006 3839 2193 3888 seinem
2229 3838 2381 3888 codex
2416 3851 2513 3889 sec.
2549 3836 2694 3889 XIV.
2730 3852 2807 3887 ex.

482 3925 564 3975 bei
596 3924 1006 3983 Minieri·Riccio,
1055 3926 1231 3992 grandi
1267 3927 1422 3976 nffizii
1456 3942 1506 3991 p.
1547 3923 1665 3984 179,
1720 3925 1850 3975 ohne
1903 3926 1981 3974 die
2035 3926 2211 3976 beiden
2261 3931 2422 3976 ersten
2471 3926 2684 3975 abstttze.
2742 3953 2803 3963 —

491 4010 529 4081 ¹)
567 4010 1219 4079 sigillabit—signaverunt,
1256 4015 1383 4064 fehlt
1416 4015 1465 4064 b.
1480 4049 1495 4073 ‚
1547 4014 1681 4064 steht
1731 4014 1849 4063 aber
1885 4014 1994 4062 dort
2034 4029 2115 4063 am
2160 4014 2382 4063 schlnsse
2440 4014 2527 4063 der
2582 4015 2809 4081 ordnung

484 4100 570 4151 des
600 4107 921 4166 protonotarii,
957 4116 996 4151 s.
1033 4118 1079 4151 o.
1115 4118 1189 4152 nr.
1235 4099 1270 4149 3
1317 4118 1450 4152 anm.
1496 4100 1581 4152 21.
1635 4084 1699 4139 -ss
1759 4102 1798 4163 ⁹)
1834 4100 1888 4151 in
1922 4116 1969 4149 a.
2006 4102 2100 4151 wie
2136 4100 2261 4152 oben
2290 4084 2384 4152 nr.
2440 4098 2475 4149 3
2510 4118 2551 4157 s.
2594 4100 2659 4150 12
2718 4105 2813 4153 mit

486 4174 589 4238 den*
617 4188 726 4239 dort
759 4188 1114 4259 angemerktcn
1157 4189 1358 4239 kleinen
1407 4189 1823 4257 abweichungem
1873 4182 2522 4248 Prothonotarius—totum‚
2573 4188 2699 4239 fehlt
2741 4191 2809 4251 b.,
