3144 4821
1440 305 1884 378 ..364

494 489 870 551 exercendum
917 508 988 550 ac
1018 507 1134 562 non3
1162 508 1328 569 posse
1358 505 1458 569 per
1487 487 1671 549 alium
1702 506 1879 567 quam
1911 505 2011 568 per
2041 507 2169 548 eum
2202 484 2349 549 illud
2380 477 2588 548 melius
2619 495 2678 547 et
2708 486 2828 548 uti-

495 594 607 656 lius
638 593 904 668 exerceri,
935 595 1178 655 eundem
1209 593 1615 656 cancellarium
1656 611 1825 654 suum
1855 591 2151 654 constituit
2181 601 2241 653 et
2269 594 2340 654 de
2370 592 2555 654 officio
2582 591 2827 653 investi-

494 699 583 761 vit
613 695 830 773 eodem,
862 698 1009 761 sicut
1039 699 1190 761 dicto
1221 700 1484 780 episcopo
1516 698 1683 760 nobis
1725 697 1978 760 innotuit
2020 707 2359 778 exponente.
2420 697 2570 760 Cum
2612 707 2824 769 autem,

381 811 391 820 ‘
492 805 640 868 sicu't
668 805 872 867 asserit
886 850 902 878 ,
943 803 994 866 is
1023 803 1112 866 cui
1142 803 1471 866 huiusmodi
1501 803 1826 866 conceditur
1868 803 2119 866 officium
2137 850 2153 876 ,
2197 806 2407 866 debeat
2442 793 2595 866 ‘illud
2637 821 2825 884 gerere

494 920 750 992 tempore
780 909 903 972 vite
933 929 1034 971 sue
1047 956 1063 983 ‚
1095 919 1392 991 sperantes
1421 929 1524 971 nos
1555 909 1734 971 etiam
1763 911 1840 971 ad
1869 909 2060 990 ipsum
2091 929 2217 970 esse
2246 909 2451 972 utilem
2494 909 2824 990 episcopum

493 1025 891 1088 memoratum,
923 1017 1288 1090 mandamuS,
1318 1025 1605 1096 quatenus
1633 1013 1819 1087 illum,
1850 1033 2022 1094 quem
2047 1014 2107 1077 in
2126 1032 2317 1095 regem
2335 1014 2634 1095 contigerit
2650 1016 2824 1075 dante

495 1121 726 1184 domino
755 1121 1076 1204 promoveri
1091 1169 1107 1195 ,
1137 1141 1374 1184 moneas
1403 1120 1685 1183 attentius
1715 1128 1775 1181 e‘t
1816 1119 2053 1182 inducas
2071 1167 2087 1194 ‚
2132 1129 2200 1182 ut
2241 1119 2388 1182 nulli
2432 1119 2534 1182 alii
2574 1119 2821 1182 officium

492 1227 809 1309 predictum
841 1229 1113 1290 concedat
1127 1274 1142 1301 ‚
1175 1228 1274 1289 sed
1305 1227 1364 1289 in
1409 1247 1475 1289 eo
1519 1225 1822 1307 permittat
1862 1227 2055 1307 ipsum
2100 1225 2429 1308 episcopum
2472 1207 2821 1307 permanere.

493 1335 630 1395 Dat.
663 1331 931 1414 Lugduni
961 1331 1018 1394 ii.
1051 1350 1232 1394 nonas
1261 1332 1623 1413 septembriS‚
1655 1329 2052 1412 [pontificatus
2082 1331 2258 1394 nostri
2290 1352 2442 1394 anno
2473 1331 2717 1413 quinto]

673 1476 780 1524 Aus
840 1474 945 1523 cod.
1007 1473 1256 1524 vallicell.
1319 1473 1362 1522 Ι.
1422 1471 1518 1520 55:
1574 1465 1729 1536 Epist.
1786 1472 1951 1523 Innoc.
2009 1463 2101 1522 IV.
2156 1489 2203 1521 a.
2266 1473 2333 1523 V.
2372 1487 2446 1522 nr.
2511 1470 2609 1519 185
2672 1472 2822 1521 durch

483 1555 680 1610 ²Hiffler.
