3144 4821
51 533 90 592 at}

51 659 88 699 {ere

52 985 76 1024 ,Ἠ

54 1073 73 1131 in

1231 362 1675 428 ...13—

287 545 490 608 diebus
518 553 717 606 autem
748 545 912 606 Lune
943 553 1003 606 et
1031 543 1302 606 Mercurii
1344 542 1401 604 in
1445 539 1701 622 hospicio
1743 541 1892 622 regis
1906 587 1922 616 ‚
1953 542 2009 605 in
2056 543 2185 606 sala
2228 543 2471 620 scilicet,
2516 548 2615 610 ubi

287 649 596 715 commedit
622 649 908 724 tinellum,
939 649 1034 711 vel
1062 649 1124 711 in
1153 648 1271 712 alio
1302 648 1425 711 loco
1455 646 1811 710 convenienti
1823 667 1841 722 3
1885 656 1944 708 et
1985 648 2045 709 in
2075 649 2423 730 peticionum
2451 653 2616 734 ipsa-

287 776 419 820 rum
448 757 668 820 lectura
710 755 826 818 sint
868 755 1162 837 presentes
1196 755 1401 817 diebus
1435 753 1650 815 eisdem
1686 753 2083 828 cancellarius,
2130 759 2615 838 prothonotarius,

288 864 563 946 magister
590 861 936 926 iusticiarius
963 862 1059 924 vel
1089 860 1212 924 eius
1240 861 1431 924 locum
1460 869 1662 922 tenens
1708 879 1839 922 cum
1880 859 2187 937 iudicibus,
2233 867 2617 945 procuratoriss

289 973 400 1034 bus
428 978 490 1032 et
516 968 775 1051 patronis
803 968 924 1030 fisci
954 977 1014 1030 et
1054 975 1313 1029 actorum
1355 965 1608 1040 notari0‚
1651 964 1911 1045 magistri
1952 966 2270 1031 racionales
2311 980 2371 1032 et
2412 972 2501 1034 illi
2528 963 2619 1035 'de

289 1075 526 1138 notariis
556 1073 894 1138 cancellarie
923 1082 982 1134 et
992 1070 1042 1158 5)
1072 1071 1385 1146 meionum,
1414 1071 1514 1154 qui
1541 1073 1763 1152 absque
1778 1071 2023 1134 aliorum
2041 1075 2401 1154 negociorum
2429 1078 2620 1160 impe-„-

287 1182 545 1245 dimento
574 1187 843 1262 poterunt
869 1180 1158 1252 interesse,
1188 1197 1407 1240 necnon
1435 1187 1495 1239 et
1523 1176 1629 1239 alii
1656 1179 1727 1238 de
1756 1177 1991 1240 consilio
2019 1180 2183 1260 regia
2213 1183 2312 1263 qui
2342 1203 2466 1245 esse
2477 1184 2558 1246 ibi
2570 1173 2619 1266 6’)

291 1295 576 1369 poterunt.
639 1288 708 1349 In
751 1287 880 1367 ipsa
923 1295 1121 1347 autem
1160 1279 1380 1346 lectura
1421 1283 1889 1364 prothonotarius
1930 1284 2164 1365 recipiet
2192 1288 2501 1368 peticiones
2542 1293 2621 1353 ad

291 1391 541 1456 officium
585 1411 754 1454 suum
806 1400 1134 1472 spectantes
1148 1438 1164 1465 ‚
1206 1389 1468 1470 magistri
1513 1388 1831 1452 racionales
1878 1389 2142 1453 similiter
2153 1389 2201 1476 ⁷)
2249 1396 2325 1456 ad
2372 1396 2620 1460 officium

295 1519 464 1562 suum
494 1507 820 1579 spectantes
851 1507 912 1560 et
940 1497 1214 1578 magister
1243 1495 1588 1559 iusticiarius
1618 1516 1687 1558 ac
1713 1495 1927 1559 iudices
1956 1495 2078 1558 eius
2088 1494 2138 1580 ⁸)
2153 1545 2169 1571 ‚
2204 1518 2315 1579 que
2364 1503 2439 1564 ad
2487 1505 2620 1565 offi-

293 1605 446 1668 cium
465 1623 634 1667 suum
653 1610 934 1685 spectant,
965 1612 1025 1665 et
1055 1621 1251 1665 eorum
1283 1601 1492 1684 singuli
1524 1601 1736 1664 facient
1766 1601 2006 1690 deipsis
2036 1602 2260 1666 litteras
2277 1607 2480 1688 regias
2510 1629 2623 1690 que

293 1711 355 1773 in
385 1710 514 1792 ipsa
541 1709 763 1772 lectura
779 1709 991 1772 fuerint
1007 1709 1285 1782 ordinate,
1313 1708 1631 1770 mittendas
1658 1709 1737 1769 ad
1778 1708 2185 1772 cancellarium
2195 1711 2246 1794 ⁹)
2295 1715 2405 1775 sub
2448 1714 2626 1796 signis

293 1834 506 1880 eorum.
535 1817 616 1877 Et
632 1815 680 1878 si
698 1815 757 1877 in
775 1815 1046 1897 predictis
1063 1813 1266 1876 diebus
1296 1814 1460 1875 Lune
1489 1822 1549 1874 et
1563 1813 1849 1886 Mercurii,
1879 1813 2091 1895 quibus
2103 1815 2413 1896 peticiones
2425 1818 2626 1901 legen-

295 1922 469 1985 turin
484 1920 742 2003 hospicio
769 1919 923 2002 regio
936 1968 952 1995 ‚
997 1940 1071 1982 ex
1123 1918 1323 1999 aliqua
1351 1917 1593 1980 instanti
1636 1918 1732 1979 vel
1775 1920 2094 1981 necessaria
2136 1941 2238 1983 seu
2278 1923 2407 1986 utili
2448 1946 2625 1988 causa

296 2045 470 2110 super
481 2023 566 2111 10)
607 2026 902 2108 aliquibus
943 2045 1018 2088 ex
1059 2024 1438 2106 peticionibus
1479 2025 1623 2106 ipsis
1665 2024 1963 2087 dominum
1992 2043 2182 2107 regem
2212 2027 2460 2092 viderint
2488 2052 2628 2104 oon-

297 2135 604 2198 sulendum
621 2180 637 2207 ‚
667 2131 1044 2194 cancellarius
1083 2140 1141 2192 et
1171 2131 1639 2212 prothonotarius
1681 2130 1778 2191 vel
1820 2130 1921 2192 alii
1960 2133 2032 2193 de
2061 2133 2298 2197 consilio
2328 2155 2433 2216 pro
2462 2148 2627 2218 parte

297 2239 648 2322 reliquorum
676 2237 758 2300 ibi
787 2235 1143 2319 presencium
1173 2239 1396 2298 vadant
1424 2238 1501 2298 ad
1530 2237 1723 2317 ipsum
1752 2245 1811 2298 et
1839 2248 2135 2318 exponant
2163 2239 2490 2306 huiusmodi
2520 2265 2627 2306 ne·-

299 2346 477 2429 gocia,
507 2341 617 2427 que
647 2353 962 2427 emergunt,
1004 2342 1439 2406 determinanda
1467 2343 1697 2418 deinde,
1729 2352 1900 2425 prout
1941 2342 2065 2426 ipse
2094 2346 2325 2410 duxerit
2352 2350 2627 2414 ordinan-

299 2456 456 2516 dum.
515 2452 663 2514 Illas
690 2469 826 2514 vero
856 2449 1182 2533 peticiones,
1212 2470 1324 2532 que
1353 2458 1490 2512 sunt
1517 2452 1591 2511 de
1632 2450 1852 2531 gracia,
1901 2451 2176 2533 magister
2204 2455 2529 2519 Landulfus
2558 2444 2633 2520 de

301 2558 620 2631 Pontisera‚
647 2558 746 2639 qui
774 2556 1046 2631 intererit,
1075 2556 1316 2638 recipiat
1342 2574 1443 2637 per
1455 2576 1665 2618 manus
1676 2556 2002 2619 cancellarii
2031 2566 2091 2619 et
2118 2558 2178 2620 in
2209 2558 2439 2625 Gallico
2468 2583 2631 2626 sum-

303 2664 509 2729 matim
540 2663 758 2726 scribat
783 2663 845 2725 in
874 2681 989 2725 uno
1016 2662 1222 2735 rotulO,
1253 2681 1425 2744 quem
1453 2662 1709 2742 assignet
1735 2660 1795 2724 in
1825 2682 2005 2724 manu
2032 2663 2179 2744 regis
2193 2662 2294 2747 fl),
2324 2687 2470 2748 quas
2499 2668 2633 2749 qui..

304 2772 438 2832 dem
469 2768 778 2851 peticiones
818 2770 889 2830 de
933 2768 1125 2849 gracia
1164 2766 1430 2830 dominus
1470 2783 1577 2830 rex
1618 2766 1815 2830 audiet
1856 2768 2118 2850 quolibet
2145 2770 2235 2832 die
2264 2772 2510 2835 Veneris
2540 2795 2636 2837 se-
2675 2780 2681 2785 '

307 2883 485 2946 crete,
528 2873 894 2953 presentibus
919 2873 1038 2936 illis
1051 2919 1068 2947 ,
1098 2893 1240 2954 quos
1269 2872 1518 2936 voluerit
1533 2856 1835 2936 interesse.
1867 2875 1946 2936 Et
1976 2884 2042 2937 ut
2070 2876 2377 2957 peticiones
2407 2878 2524 2954 ille,
2555 2883 2633 2943 ad

311 2995 558 3060 quornm
585 2976 834 3039 officium
863 2977 1148 3058 pertinent
1161 3024 1178 3051 ‚
1221 2978 1446 3040 facilius
1488 2987 1549 3040 et
1596 2978 1804 3041 melius
1847 2981 2204 3056 habeantur,
2248 2983 2532 3059 scribatur
2577 2988 2638 3049 in

311 3082 398 3147 eis
426 3103 465 3145 a
493 3091 652 3163 tergo
679 3082 741 3143 in
769 3082 900 3164 ipsa
928 3082 1124 3145 littera
1151 3082 1430 3157 officium,
1476 3085 1551 3145 ad
1596 3086 1750 3165 quod
1792 3095 2085 3167 spectant,
2132 3098 2191 3149 et
2232 3088 2281 3150 si
2324 3074 2651 3172 aliquando

313 3188 496 3271 aliqui
509 3185 592 3272 1⁵³)
622 3208 697 3251 ex
726 3186 1066 3251 officialibus
1094 3187 1234 3270 ipsis
1263 3198 1555 3271 presentes
1593 3210 1717 3260 esse
1747 3210 1859 3253 non
1890 3202 2148 3273 possunt,
2177 3197 2643 3275 prothonotarius

314 3295 518 3358 mittat
545 3296 655 3357 sub
685 3313 788 3356 suo
817 3293 980 3375 signo
1008 3294 1346 3359 absentibus
1376 3296 1729 3377 pertinentes
1756 3299 1833 3359 ad
1864 3317 1978 3361 eos.

493 3403 644 3463 Item
672 3399 733 3462 in
762 3398 1078 3481 privilegiis
1105 3402 1383 3464 donorum
1395 3401 1479 3486 1²³)
1519 3412 1671 3465 terre
1712 3404 1979 3466 omnibus
2005 3415 2249 3486 ponetur
2276 3410 2419 3470 data
2432 3406 2515 3493 14)
2546 3418 2649 3491 pei·

319 3526 528 3569 manus
554 3505 881 3569 cancellarii
922 3515 983 3568 et
1023 3506 1458 3587 prothonotarii.
1517 3509 1589 3570 In
1632 3509 1832 3572 ceteris
1874 3517 2070 3572 autem
2111 3511 2320 3574 litteris
2363 3532 2465 3595 per
2488 3504 2661 3601 'pro-J

319 3612 712 3675 thonotarium
756 3611 1031 3675 faciendis
1059 3621 1303 3693 ponetur
1332 3614 1474 3674 data
1486 3611 1569 3698 1⁴·¹=)
1600 3633 1703 3696 per
1732 3635 1864 3677 eum
1895 3624 1955 3677 et
1983 3637 2190 3679 nomen
2220 3638 2389 3681 suum
2418 3623 2651 3704 propria

321 3736 500 3780 manu
527 3718 820 3781 scribetur.
1243 3781 1250 3789 ,
1471 3785 1476 3791 ,
2424 3797 2429 3803 ,

500 3823 652 3883 Item
679 3822 802 3909 {ieri
831 3824 1006 3886 faciat
1036 3823 1232 3887 omnia
1259 3824 1562 3907 privilegia
1591 3835 1651 3888 et
1679 3826 1905 3890 litteras
1933 3828 2119 3909 regias
2159 3849 2387 3905 omnes,
2432 3852 2544 3915 que
2574 3836 2677 3896 ad·

325 3926 577 3991 officium
607 3947 782 3989 suum·
805 3938 1097 4009 spectant,
1141 3931 1397 4012 exceptis
1428 3930 1558 4005 hiis,
1588 3951 1701 4012 que
1728 3934 2106 3997 determinate
2136 3945 2194 3997 et
2221 3937 2483 4000 ordinate
2520 3948 2656 4000 sunt

325 4031 447 4095 fieri
461 4029 546 4117 1²⁵)
563 4051 666 4112 per
691 4033 1066 4113 logothetam,
1097 4036 1402 4118 magistros
1431 4038 1748 4101 racionales
1762 4086 1778 4113 ‚
1820 4040 2161 4121 magistrum
2188 4042 2567 4105 iusticiarium
2597 4032 2667 4106 et'

326 4137 541 4201 iudices
584 4158 652 4199 ac
695 4156 999 4203 cameram.
1061 4142 1140 4204 Et
1181 4142 1241 4205 in
1288 4143 1602 4226 privilegiis
1644 4154 1894 4227 ponatur
1935 4148 2075 4209 data
2118 4166 2220 4229 per
2263 4168 2470 4211 manus
2512 4140 2672 4212 can-⁴

331 4241 546 4306 cellarii
576 4252 636 4305 et
664 4246 1110 4325 prothonotarii,
1155 4248 1215 4309 in
1258 4250 1390 4311 aliis
1419 4268 1554 4312 vero
1585 4250 1795 4313 licteris
1818 4254 2090 4315 faciendis
2118 4272 2219 4333 per
2248 4273 2380 4316 eum
2411 4265 2659 4337 ponatur

2234 4374 2269 4424 2
