3144 4821
1474 303 1914 368 ...23-

527 501 752 565 quoque
781 481 1163 547 salutationes
1195 491 1439 564 possunt
1467 481 1697 563 regibus
1736 482 2036 563 adaptari,
2080 479 2191 544 nisi
2234 481 2387 562 quod
2430 499 2590 562 reges
2632 480 2881 562 augusti

525 588 760 651 minime
790 597 1209 671 nuncupantur.

702 696 879 757 Pater
908 694 1029 757 filio
1058 695 1198 756 dicit
1224 691 1490 756 salutem
1521 713 1663 756 cum
1707 693 2104 757 benedictione
2138 701 2413 777 paterna
2455 693 2551 754 vel
2594 693 2669 754 de
2713 695 2873 754 bono

523 801 591 862 in
620 800 842 866 melius
856 797 1122 883 feliciter
1148 801 1520 883 prosperari
1546 799 1643 860 vel
1674 799 2166 874 benedictionem,
2210 819 2399 882 quam
2443 797 2631 862 Isaac
2660 796 2865 860 Iacob.

523 907 710 970 Filius
739 905 879 970 dicit
906 907 1059 988 patri
1089 904 1355 968 salutem
1383 913 1439 968 et
1465 907 1873 968 reverentiam
1885 903 2169 987 filialem.

701 1011 999 1093 Magistris
1029 1021 1088 1074 et
1115 1011 1249 1074 aliis
1278 1010 1526 1074 literatis
1569 1011 1837 1074 scribitur
1881 1013 1941 1074 in
1985 1013 2139 1075 hunc
2185 1013 2449 1074 modum:
2498 1008 2870 1092 Septiformi

521 1119 872 1184 studiorum
901 1117 1194 1201 lampade
1219 1120 1507 1182 renitenti
1533 1118 1630 1180 vel
1660 1116 1993 1182 literarum
2020 1119 2275 1181 scientia
2301 1116 2584 1180 redimito
2610 1117 2707 1178 vel
2722 1117 2862 1198 flo-

519 1227 696 1290 riom
725 1223 1050 1308 eloquentie
1070 1233 1430 1308 purpurato
1457 1225 1554 1287 vel
1584 1227 1805 1288 em‘mie
1827 1225 2157 1308 prudentie
2200 1225 2295 1286 vel
2326 1224 2617 1306 eaquieite
2639 1223 2865 1304 peritie

517 1335 666 1404 viro,
699 1333 976 1394 canonici
1002 1339 1058 1392 et
1086 1329 1280 1393 civilis
1309 1333 1470 1392 imi-9
1477 1333 1679 1412 perito
1694 1332 1790 1393 vel
1808 1329 2155 1414 spectabilis
2170 1329 2497 1412 eloquentie
2514 1349 2590 1392 ac
2606 1347 2861 1390 morum

511 1440 912 1520 preroyativa
943 1439 1262 1518 conspicuo
1305 1444 1363 1498 et
1401 1437 1737 1502 honestatis
1775 1439 1991 1519 yratia
2030 1435 2325 1502 rutilanti
2370 1445 2429 1497 et
2476 1434 2720 1507 similia,
2768 1435 2861 1495 ita

517 1553 733 1616 tamen,
763 1553 831 1615 ut
858 1543 1104 1624 singula,
1135 1561 1246 1622 que
1277 1541 1464 1604 locum
1485 1541 1518 1578 *
1535 1552 1773 1607 teneant
1802 1546 2007 1607 sortita
2037 1545 2301 1606 decenter
2320 1587 2336 1616 ,
2385 1542 2481 1603 vel
2528 1560 2603 1602 ea
2646 1537 2859 1602 docere

515 1650 586 1712 in
613 1651 813 1722 terrie,
850 1669 963 1730 que
987 1646 1277 1730 placeant
1301 1650 1372 1712 in
1401 1648 1650 1712 ewceleis
1676 1650 1774 1712 vel
1802 1649 2067 1714 saliatem
2104 1659 2161 1714 et
2202 1650 2463 1713 haurire
2506 1666 2743 1730 aquam
2783 1647 2857 1708 in

512 1754 746 1835 qaudio
773 1754 848 1815 de
863 1754 1144 1836 fontibus
1170 1755 1412 1816 scientie
1439 1761 1495 1816 et
1521 1752 1871 1820 salvatoris.

693 1859 916 1922 Milites
943 1868 1142 1921 autem
1172 1867 1231 1922 et
1271 1860 1442 1923 amici
1489 1861 1727 1924 comiter
1772 1861 2113 1924 salutentur.
2150 1860 2279 1922 -Eis
2324 1869 2523 1922 autem
2568 1858 2847 1921 dicimus:

515 1965 727 2029 Nobili
751 1967 882 2055 viro
911 1975 966 2029 et
992 1974 1242 2046 strenuo
1269 1965 1456 2029 militi
1482 1966 1725 2048 cingulo
1752 1965 1977 2030 milicie
2018 1966 2298 2030 decorato
2338 1964 2603 2030 salutem
2648 1972 2704 2026 et
2740 1983 2849 2025 ro-

515 2073 652 2136 bore
683 2074 917 2152 accingi
932 2071 1328 2154 fortitudinis
1353 2080 1412 2134 et
1435 2071 1683 2136 virtutis
1712 2073 1805 2134 vel
1836 2071 2101 2139 sabatem
2130 2081 2186 2136 et
2204 2071 2474 2154 selim‘ter
2498 2071 2851 2152 yubernare

515 2178 834 2260 cinyulum
860 2177 1054 2259 ylorie
1094 2176 1392 2240 militarie
1405 2224 1420 2251 ,
1471 2181 1575 2241 cui
1616 2177 1833 2241 laudes
1868 2177 2186 2262 plurimas
2224 2181 2295 2241 in
2343 2177 2510 2241 bellis
2549 2173 2852 2238 militarie

509 2284 717 2366 yloria
747 2285 1079 2366 acquisivit.
1391 2272 1396 2280 ’

693 2389 918 2452 Amicis
945 2389 1216 2453 dicimus:
1249 2387 1478 2453 Intimo
1507 2398 1563 2453 et
1586 2389 1968 2472 precordiali
1994 2390 2089 2455 vel
2134 2389 2347 2455 dilecto
2390 2398 2445 2453 et
2472 2385 2724 2473 speciali
2749 2386 2841 2449 vel

517 2498 657 2561 bene
684 2498 902 2559 merito
932 2504 988 2558 et
1015 2514 1150 2557 vere
1179 2498 1462 2559 cantatis
1490 2497 1818 2560 visceribus
1848 2496 2201 2581 amplemato
2244 2481 2299 2560 et
2327 2498 2567 2581 fortius
2606 2491 2845 2575 ample-

513 2603 744 2675 ctando,
776 2611 836 2664 et
863 2600 1106 2664 similia:
1149 2600 1415 2665 salutem
1443 2610 1499 2665 et
1518 2622 1851 2685 prosperos
1880 2602 1967 2665 ad
1993 2611 2134 2667 vota
2172 2622 2488 2669 successus
2528 2602 2626 2663 vel
2666 2598 2845 2661 salu-

514 2717 634 2771 tem
663 2717 719 2771 et
738 2710 1215 2790 prosperitatem
1241 2696 1310 2771 ac
1338 2710 1452 2771 vite
1496 2707 1939 2790 lonyitudinem
1984 2730 2060 2773 ac
2102 2710 2349 2772 dierum
2389 2708 2485 2769 vel
2528 2708 2737 2771 votivis
2774 2707 2845 2767 in

515 2816 760 2877 domino
787 2815 1156 2875 successibus
1181 2813 1548 2877 habundare
1578 2814 1674 2876 vel
1705 2818 1944 2879 conscia
1970 2817 2223 2899 perflui
2248 2816 2550 2899 sospitate.

692 2918 946 2981 Inimicis
975 2929 1034 2981 et
1063 2918 1601 2995 excommunicatis,
1641 2921 1875 2983 sublato
1902 2921 2273 2985 salutationis
2300 2920 2563 2993 oracu10,
2593 2916 2675 2980 sic
2700 2915 2847 2980 dici-

515 3047 674 3089 mus:
705 3028 793 3089 sic
807 3028 1094 3094 transire
1113 3044 1231 3109 per
1263 3028 1422 3089 bona
1452 3026 1836 3109 temporalia,
1866 3036 1941 3092 ut
1967 3048 2091 3091 non
2120 3030 2486 3091 amittamus
2514 3032 2724 3088 eteina
2748 3022 2845 3083 vel

503 3134 715 3197 redire
744 3132 831 3194 ad
860 3151 964 3195 cor
991 3140 1047 3195 et
1071 3133 1240 3194 viam
1269 3150 1595 3213 ayne-scere
1620 3135 1908 3197 veritatis.

692 3240 746 3301 E
759 3259 800 3301 x
813 3257 848 3300 ο
861 3255 890 3298 r
903 3237 975 3299 di
991 3258 1030 3299 u
1044 3256 1120 3303 m
1133 3238 1255 3299 sive
1284 3238 1681 3303 benevolentie
1720 3238 1978 3320 captatio
2022 3248 2111 3301 est
2150 3238 2325 3320 digna
2368 3241 2675 3302 verborum
2717 3238 2845 3299 elo-—

515 3344 750 3427 quentia
764 3393 781 3420 ,
811 3344 1003 3427 quoad
1033 3342 1408 3405 intentionem
1451 3344 1711 3407 alliciens
1752 3344 1977 3408 animos
2023 3346 2349 3408 auditorum
2396 3355 2459 3406 et
2502 3344 2843 3425 dignitatem

514 3472 616 3513 seu
645 3450 992 3531 qualitatem
1021 3468 1395 3531 personarum
1439 3458 1563 3513 tam
1608 3450 1670 3512 in
1712 3451 1863 3513 clero
1906 3446 2084 3532 qua'm
2132 3461 2298 3515 extra
2340 3452 2556 3515 clerum
2600 3449 2843 3514 sollicite

515 3558 830 3618 observans
859 3576 928 3617 ac
955 3555 1255 3636 diligenter
1284 3558 1606 3619 attendens.
1666 3557 1859 3638 Digna
1886 3560 2191 3621 verborum
2221 3558 2551 3640 eloquentia
2578 3557 2707 3619 ideo
2749 3555 2843 3619 di-

513 3662 675 3735 eitur,
705 3662 843 3743 quia
872 3682 1002 3725 cum
1033 3662 1253 3742 aliquid
1283 3665 1522 3725 suadere
1551 3672 1658 3724 aut
1685 3662 2029 3727 dissuadere,
2043 3664 2407 3740 intendimua
2438 3684 2570 3728 cum
2600 3664 2843 3726 benivo-

513 3768 712 3840 lentia,
742 3787 853 3848 que
882 3756 1289 3830 humilitatem
1305 3768 1599 3850 importat,
1630 3789 1745 3832 non
1774 3770 1895 3832 sine
1913 3772 2166 3853 quodam
2183 3770 2533 3833 adulationis
2550 3770 2842 3853 applausu

510 3873 790 3936 rationem
822 3872 1156 3948 inducendO,
1187 3894 1298 3955 que
1327 3876 1518 3938 fuerat
1545 3895 1585 3936 a
1612 3884 1779 3957 parte
1810 3884 2005 3938 nostra
2017 3872 2083 3957 ⁷),
2113 3877 2345 3938 reddere
2368 3878 2649 3940 debemus
2677 3873 2844 3939 nobis

513 3978 738 4042 animos
781 3979 1108 4041 auditorum
1155 3980 1454 4043 benivolos
1500 3990 1560 4043 et
1606 3990 1879 4044 attentos.
1954 3980 2313 4061 Dignitatem
2360 4001 2735 4064 personarum
2783 3992 2843 4043 et

513 4084 859 4165 qualitatem
881 4085 1038 4147 ,circa
1067 4086 1364 4150 exordium
1407 4086 1667 4149 ducimus
1710 4088 2181 4167 attendenda[m]
2196 4134 2213 4162 ,
2262 4089 2399 4169 quia
2446 4089 2495 4152 si
2518 4166 2522 4169 V
2542 4090 2621 4153 sit
2666 4088 2843 4171 digna

515 4207 772 4273 persona,
803 4190 1017 4253 scilicet
1045 4190 1102 4252 in
1135 4191 1432 4272 dignitatis
1462 4192 1607 4253 solio
1636 4191 1965 4265 constituta,
1996 4194 2117 4254 sive
2147 4211 2391 4273 persona
2420 4196 2701 4259 mittentis
2720 4197 2842 4257 sive
