3144 4821
1303 322 1745 384 ...31-

356 499 446 552 oet
473 501 703 566 exordio
734 514 793 566 et
822 500 1179 566 conclusione
1210 499 1602 579 [subtractis],
1646 501 1741 562 vel
1772 521 1846 562 ex
1876 501 2200 592 narratione
2229 502 2419 564 solum
2450 511 2508 562 et
2536 500 2691 583 peti-³

355 604 510 667 tione
540 609 844 671 constabit.
906 611 1002 671 Ex
1029 629 1148 671 una
1181 616 1410 670 tantum
1440 606 1758 680 constabit,
1808 604 2022 672 scilicet
2070 627 2143 668 ex
2190 607 2317 669 sola
2363 606 2689 670 narratione

357 713 664 789 duntaxat,
689 717 800 778 hoc
829 715 1126 796 exemplo:

535 861 564 892 2,
577 820 871 882 Noveritis
900 821 1196 883 dominum
1225 821 1304 882 H.
1335 839 1458 881 esse
1501 835 1603 898 per
1650 818 1741 880 dei
1790 817 2037 898 gratiam
2086 820 2163 880 ad
2212 819 2433 898 apicem
2476 819 2689 881 summi

355 920 724 1007 pontificatus
752 936 1119 1008 assumptum
1150 935 1209 988 et
1236 925 1534 988 dominum
1563 923 1635 985 O.
1666 925 1743 985 ad
1771 922 2156 1005 imperialium
2176 925 2430 986 culmina
2446 924 2689 988 fascium

354 1039 480 1092 tam
509 1032 822 1112 repentinis
849 1051 1027 1113 quam
1056 1031 1318 1094 felicibus
1348 1030 1701 1092 successibus
1730 1030 2005 1091 evolasse.
2022 1040 2051 1071 ⁴¹

534 1136 812 1200 Similiter
841 1138 1082 1200 dicimus
1095 1185 1111 1211 ,
1160 1139 1315 1219 quod
1359 1156 1432 1198 ex
1476 1135 1605 1222 sola
1646 1145 1843 1216 posset
1888 1135 2162 1216 petitione
2210 1137 2530 1199 consistere.
2592 1139 2687 1200 Ex

356 1243 705 1306 salutatione
734 1262 888 1318 ver0,
919 1243 1151 1306 exordio
1182 1253 1242 1306 et
1270 1242 1629 1305 conclusione
1660 1251 1889 1304 tantum
1933 1242 2027 1304 vel
2072 1263 2145 1304 ex
2185 1245 2412 1305 duabus
2455 1264 2529 1304 ex
2572 1243 2687 1306 hiis

354 1349 680 1430 epistolaris
709 1369 988 1430 compago
1017 1349 1327 1412 subsistere
1359 1368 1473 1411 non
1504 1348 1740 1410 valebit.
1774 1348 1912 1411 Sine
1941 1348 2291 1411 salutatione
2320 1369 2545 1430 qnoque
2565 1350 2685 1412 fieri

354 1453 630 1535 contingit
659 1455 983 1536 epistolam,
1013 1454 1248 1517 veluti*
1278 1455 1466 1536 gratia
1494 1455 1758 1517 facienda
1772 1501 1787 1528 ,
1831 1464 2003 1535 prout
2046 1455 2210 1537 ponit
2258 1454 2551 1518 Salustius
2597 1455 2683 1518 ita

353 1561 573 1624 dicens:
620 1558 782 1634 ,Qui
827 1561 934 1623 sim
980 1582 1054 1622 ex
1097 1581 1163 1624 eo
1179 1608 1194 1636 ,
1226 1579 1398 1642 quern
1428 1563 1504 1622 ad
1535 1570 1593 1622 te
1624 1561 1779 1634 misi,
1811 1579 2141 1641 cognoscere
2184 1570 2363 1642 potes,
2379 1572 2407 1602 ⁴¹
2423 1558 2506 1646 12)
2567 1559 2685 1624 Sed

353 1668 626 1729 Romana
655 1667 812 1730 curia
842 1676 1115 1748 pretaxat
1143 1667 1430 1729 interdum
1460 1675 1709 1747 quatuor
1738 1676 1933 1746 partes
1962 1665 2219 1748 epistole,
2250 1687 2395 1747 quas
2425 1666 2683 1748 alioquin

353 1774 463 1833 sub
493 1773 736 1846 duobm,
767 1772 1023 1852 alioquin
1054 1775 1163 1834 sub
1193 1792 1307 1834 uno
1339 1781 1397 1834 et
1425 1772 1701 1851 singulari
1732 1771 2033 1834 concludit.
2094 1769 2251 1841 Quid
2281 1777 2544 1852 quatuor,
2575 1772 2683 1834 tri-

354 1879 480 1949 buS,
510 1879 736 1939 duobus
766 1886 825 1938 et
853 1897 928 1938 ex
960 1897 1071 1940 uno
1101 1877 1376 1958 singulari
1405 1886 1638 1938 tantum
1668 1876 1973 1938 concludat
2012 1876 2292 1938 versiculo
2306 1923 2322 1950 ,
2365 1861 2681 1939 videamus,

353 1979 478 2043 Sub
508 1992 757 2063 quatuor
785 1991 982 2044 autem
1012 1983 1312 2063 distinguit
1339 1981 1652 2055 versiculiS,
1684 1990 1750 2043 ut
1776 1999 1952 2062 supra
1981 1980 2199 2044 dictum
2229 1991 2317 2043 est
2345 1982 2405 2043 in
2435 1981 2683 2062 epistola

353 2090 617 2150 secunda.
678 2090 750 2150 In
778 2087 964 2151 tribus
992 2090 1162 2170 plene
1192 2087 1500 2161 concludit,
1531 2087 1748 2149 scilicet
1776 2089 1916 2149 dum
1944 2085 2177 2150 exordio
2206 2086 2593 2149 narrationem
2624 2096 2685 2148 et

351 2193 689 2272 petitionem
718 2195 973 2257 annectit
1002 2213 1103 2277 per
1131 2194 1479 2257 causationis
1509 2193 1735 2274 signum
1748 2240 1764 2267 ,
1810 2196 1964 2274 quod
2000 2202 2091 2255 est
2120 2196 2295 2255 euml
2308 2189 2357 2276 1)
2406 2202 2465 2254 et
2514 2195 2679 2275 quia,

353 2300 461 2361 sub
492 2319 606 2380 quo
635 2301 916 2363 versiculo
946 2300 1192 2382 concipit
1220 2301 1279 2361 in
1311 2301 1463 2362 hunc
1493 2300 1757 2361 modum:
1804 2298 1974 2376 Quia
1994 2299 2446 2381 'sopiendarum
2477 2299 2680 2363 litium

351 2407 500 2469 iura
530 2414 686 2469 tenet
729 2406 890 2470 sedi-9
937 2403 1259 2490 apostolice
1303 2405 1729 2479 moderamen,
1781 2415 2129 2487 suyyestum
2176 2415 2263 2469 est
2310 2404 2683 2489 apostolami

352 2514 560 2575 nostro
591 2523 694 2575 etc.
727 2534 906 2594 usque
936 2514 995 2576 in
1025 2515 1214 2576 finem.
1276 2514 1575 2575 Interdum
1606 2512 1785 2575 etiam
1815 2515 2039 2576 duobus
2067 2513 2363 2576 versiculis
2378 2514 2701 2593 concludit,

351 2618 566 2681 scilicet
594 2618 827 2681 exordio
857 2629 916 2681 et
944 2619 1271 2683 narratione
1301 2618 1603 2700 sigillatim
1646 2628 1705 2680 et
1748 2620 2012 2682 distincte
2055 2620 2341 2701 conceptis
2354 2667 2370 2693 ,
2419 2620 2683 2702 petitioni

350 2723 770 2787 conclusionem
816 2735 1144 2799 annectenS,
1190 2725 1358 2787 tertio
1404 2724 1693 2789 concludit
1720 2726 2026 2799 versiculo,
2057 2726 2273 2789 scilicet
2304 2744 2404 2807 per
2431 2726 2543 2788 hoc
2571 2727 2682 2788 ad·-

353 2830 617 2892 verbium
630 2828 712 2913 13)
731 2829 781 2904 *,
814 2844 878 2892 ut
909 2831 968 2892 in
1001 2832 1284 2913 exemplis
1313 2832 1518 2895 dicitur
1548 2834 1826 2897 secundis
1888 2834 1959 2894 In
1988 2833 2215 2895 duobus
2245 2852 2469 2913 quoque
2498 2832 2683 2896 versi-

353 2935 508 2998 culis·
545 2936 1004 3016 comprehendit,
1054 2947 1120 2998 ut
1131 2936 1216 3021 14)
1247 2956 1422 3027 supra
1471 2940 1628 3019 [per]
1677 2938 2026 3001 causationis
2074 2938 2301 3027 signum
2348 2938 2581 3002 exordio
2617 2927 2685 3001 'et
2760 2976 2767 2987 ·

352 3028 680 3104 narratione
709 3041 767 3104 in
797 3062 976 3104 unum
1007 3041 1277 3116 collectiS,
1317 3043 1365 3104 si
1380 3044 1462 3129 15)
1496 3044 1780 3107 conclusio
1810 3044 2073 3124 petitioni
2087 3040 2171 3128 1⁶)
2202 3062 2303 3125 per
2331 3046 2440 3107 hoc
2468 3046 2680 3107 adver-

351 3147 514 3209 bium
527 3148 619 3209 ita
632 3147 784 3227 [vel]
804 3146 1010 3209 taliter
1023 3157 1378 3222 annectatur,
1397 3157 1464 3210 ut
1481 3156 1627 3229 puta
1655 3147 1703 3210 si
1734 3150 1956 3213 dicatur
1984 3151 2093 3213 hoc
2106 3151 2276 3212 modo
2291 3150 2504 3231 :finem
2516 3150 2682 3213 debi-

351 3261 486 3315 tum
515 3251 723 3316 taliter
750 3254 1099 3334 impmzoetie,
1131 3262 1203 3317 ut
1229 3252 1412 3317 nulla
1441 3254 1514 3317 de
1543 3262 1730 3317 oete-ro
1770 3263 2094 3318 remaneat
2133 3256 2433 3317 material
2446 3252 2495 3340 ⁷)
2537 3276 2680 3318 ma-

355 3358 654 3439 liynandi.
714 3358 855 3421 Alio
886 3358 1063 3420 etiam
1094 3362 1264 3422 modo
1295 3362 1402 3422 sub
1422 3360 1609 3422 tribus
1626 3359 1920 3423 versiculis
1934 3359 2179 3442 epistola
2197 3360 2454 3423 concludi
2473 3369 2681 3441 potest,

355 3462 570 3526 scilicet
598 3463 646 3526 si
677 3463 994 3539 exordium,
1025 3464 1280 3527 narratio
1309 3474 1368 3526 et
1396 3465 1600 3547 petitio
1630 3483 1732 3547 per
1750 3465 2130 3529 conditionale
2148 3465 2391 3547 signum,
2424 3468 2575 3548 quod
2593 3476 2683 3528 est

352 3569 460 3633 hec
487 3569 765 3633 condictio
794 3572 852 3633 εἰ
877 3570 971 3632 vel
1003 3590 1160 3647 oum,
1191 3572 1300 3632 sub
1329 3591 1444 3635 uno
1472 3570 1753 3633 versiculo
1783 3570 2124 3651 colligantur
2151 3572 2261 3633 hoc
2290 3573 2487 3634 modo:
2522 3569 2682 3636 Oeam

352 3676 793 3757 sopiendam-um
821 3674 1025 3740 litium
1053 3677 1204 3739 iura
1232 3683 1430 3738 teneat
1456 3685 1561 3738 etc.
1594 3696 1775 3757 usque
1791 3675 2200 3750 moderamen,
2230 3684 2579 3757 suyyestum
2596 3684 2683 3738 est

355 3779 731 3862 apostolatui
756 3791 964 3845 nostro
993 3790 1098 3845 etc.
1130 3801 1310 3862 usque
1340 3776 1756 3865 revivescitffl).
1816 3780 2201 3845 Discretioni
2225 3789 2416 3843 veewe
2444 3790 2549 3842 etc.
2608 3781 2681 3841 In

355 3898 469 3946 uno
497 3884 729 3946 demum
759 3888 1037 3949 versiculo
1066 3896 1260 3968 potest
1286 3884 1536 3967 epistola
1565 3886 1985 3966 comprehendi,
2028 3885 2077 3948 si
2120 3886 2372 3949 collectis
2413 3883 2682 3949 omnibus

356 4006 456 4069 per
486 3990 594 4052 hoc
623 3990 1004 4054 conditionale
1035 3992 1277 4075 signum,
1309 4000 1376 4054 ut
1403 3990 1673 4066 diximus,
1704 3990 1988 4055 conclusio
2019 3991 2311 4073 petitioni,
2356 3999 2426 4053 ut
2454 3988 2680 4072 predic-

353 4102 480 4155 tum
511 4104 615 4170 est,
659 4115 761 4177 per
803 4098 1119 4178 predictum
1163 4097 1502 4161 adverbium
1553 4095 1760 4163 taliter
1805 4098 1903 4160 vel
1948 4097 2180 4179 aliquod
2228 4096 2416 4159 simile
2464 4116 2679 4159 annec-

352 4205 525 4261 tatur.

2253 4316 2326 4371 80
