3144 4821
1275 301 1717 364 -27—

329 480 521 560 Reges
550 499 778 561 quoque
805 477 908 541 alii
938 477 1195 541 scribunt
1224 491 1450 542 summo
1479 479 1736 559 pontifici
1765 477 1825 540 in
1855 479 2101 540 eundem
2132 479 2384 552 modum,
2415 476 2565 553 aliis,
2596 487 2664 539 ut

329 583 547 648 dictum
577 593 684 658 est,
714 602 817 665 pro
849 603 952 672 suo
982 581 1220 646 arbitrio
1250 583 1587 647 voluntatis.

504 690 566 751 A
595 691 747 752 clero
775 689 1042 752 scribitur
1070 709 1296 752 summo
1327 689 1580 771 pontifici
1612 708 1715 771 pro
1746 689 2046 752 voluntate
2077 691 2360 754 mittentis
2374 736 2389 764 ,
2431 699 2659 772 utpote:

326 793 729 859 Sandis-simo
757 797 840 858 in·
856 792 1098 858 Ghmzsto
1118 799 1298 878 patri
1325 804 1381 858 et
1407 795 1668 868 domina
1713 796 1839 857 vel:
1886 795 2241 858 Reverendo
2284 796 2379 857 vel
2424 794 2664 858 colendo

328 902 423 964 vel
453 902 771 964 metuendo
791 903 984 984 patri,
1015 903 1385 985 benefactori
1411 911 1466 964 et
1494 901 1755 974 domine,
1786 903 1884 963 vel
1912 902 2112 963 aliter:
2144 901 2425 964 Domino
2454 909 2665 964 sancto

329 1009 678 1090 metiti-sque
707 1009 856 1070 bono
887 1004 964 1068 G.
997 1006 1097 1069 dei
1118 1010 1335 1088 qratia
1361 1015 1751 1070 sacrosancte
1778 1015 1878 1070 eto.
1892 1047 1897 1052 -
1910 1007 2174 1070 debitam
2205 1029 2347 1070 eum
2362 1007 2667 1070 devotione

327 1115 732 1176 reverentiam
748 1113 843 1174 vel
855 1115 1262 1175 reverentiam
1275 1133 1417 1176 eum
1431 1115 1787 1177 orationum
1800 1114 2106 1175 instantia
2123 1112 2218 1174 vel
2240 1119 2373 1176 tam
2385 1121 2669 1195 prompte

329 1239 522 1302 quam
551 1219 738 1282 debite
765 1220 1094 1282 reverentie
1107 1217 1543 1340 famulitium,·
1572 1229 1634 1280 et
1663 1219 1901 1324 quidam
1930 1217 2235 1281 adiiciunt.
2275 1216 2456 1282 Petri
2483 1220 2665 1281 navi-

329 1323 541 1389 cutam
556 1323 824 1406 feliciter
848 1326 1211 1405 queen-name.

506 1432 578 1492 Iu
605 1433 851 1493 eundem
879 1450 1107 1512 quoque
1135 1432 1373 1494 modum
1401 1429 1669 1494 scribitur
1696 1430 1975 1513 episcopis
1992 1429 2381 1494 cardinalibus
2392 1451 2497 1493 suo
2528 1431 2651 1493 loco

327 1535 446 1599 Sed
473 1544 630 1611 nota,
660 1537 813 1617 quod
843 1535 892 1598 si
919 1537 1092 1598 fuerit
1119 1539 1420 1618 presbyter
1447 1527 1775 1610 cardinalis,
1804 1535 2047 1603 dicimus
2076 1536 2189 1598 ita:
2238 1535 2584 1600 Venerabili
2596 1540 2667 1601 in

329 1638 573 1704 Ohm'sto
594 1644 790 1723 patri,
823 1642 1072 1704 domino
1099 1641 1266 1706 tituli
1291 1651 1500 1705 nancte
1531 1644 1576 1723 [.
1598 1645 1641 1723 .]
1666 1644 2019 1725 presbytero
2050 1641 2367 1705 cardinali
2372 1661 2394 1717 ,·
2436 1643 2485 1705 si
2528 1661 2665 1706 vero

324 1748 498 1810 fuerit
526 1737 799 1810 diaconus
827 1748 1136 1810 cardinalis
1166 1747 1439 1811 dicimus:
1486 1751 1691 1811 saneti
1717 1748 2000 1810 Adriani
2037 1748 2295 1811 diacono
2335 1748 2667 1813 cardinali.

328 1854 465 1920 Nou
493 1853 649 1915 enim
677 1853 920 1916 dicimus
947 1852 1144 1926 tituli,
1178 1854 1316 1934 quia
1344 1853 1670 1917 cardinales
1697 1855 1922 1916 diaconi
1968 1874 2083 1916 non
2128 1856 2351 1916 habent
2400 1856 2667 1918 ecclesias

329 1958 711 2040 baptismales
737 1969 800 2021 et
827 1959 1034 2022 titulus
1063 1958 1209 2023 nihil
1239 1959 1402 2022 aliud
1431 1969 1604 2022 sonat
1640 1978 1819 2040 quam
1864 1959 2104 2022 ecclesia
2147 1959 2534 2040 baptismalis,
2594 1963 2665 2023 In

329 2074 494 2146 parte
522 2065 640 2127 ista
665 2064 872 2128 dicitur
911 2065 1118 2128 titulus
1147 2065 1368 2128 Oalixti
1411 2066 1507 2127 vel
1557 2065 1766 2127 titulus
1814 2065 2101 2138 Pastoris,
2150 2067 2229 2126 ab
2274 2065 2403 2146 ipso
2450 2065 2666 2130 scilicet

327 2172 646 2233 fundatore.
706 2169 894 2234 Unica
921 2179 1154 2233 tantum
1185 2181 1274 2234 est
1303 2171 1542 2234 ecclesia
1570 2171 1633 2233 in
1662 2174 1805 2233 urbe
1819 2218 1834 2245 ‚
1867 2155 1979 2251 que
2008 2169 2144 2232 licet
2172 2171 2251 2232 sit
2280 2171 2667 2252 baptismalia,

328 2297 444 2340 non
472 2276 680 2340 dicitur
705 2277 930 2351 titulus,
960 2280 1062 2341 sed
1089 2277 1297 2340 dicitur
1325 2277 1794 2340 authonomasice
1825 2276 2068 2339 basilice
2089 2276 2405 2339 duodecim
2424 2287 2667 2362 aposto-

329 2381 538 2447 lorum
557 2385 878 2467 presbyter
907 2383 1269 2448 cardinalis.
1331 2385 1468 2447 Istis
1497 2394 1695 2447 autem
1726 2383 1974 2447 minores
2004 2383 2191 2466 gratia
2220 2385 2534 2447 reverentie
2567 2405 2668 2447 sa-

331 2490 517 2553 lutem
545 2491 729 2553 dicere
759 2510 874 2553 uon
904 2501 1259 2571 presumant,
1289 2493 1390 2553 sed
1419 2490 1793 2553 devotionem
1820 2488 1962 2553 eum
2004 2494 2346 2554 reverentia
2388 2492 2482 2553 vel
2532 2493 2667 2553 obe-

329 2595 626 2658 dientiam
654 2604 711 2657 et
735 2599 1142 2659 reverentiam
1169 2616 1310 2660 eum
1337 2595 1667 2661 salute-vel
1696 2605 1830 2659 tam
1871 2605 2227 2679 promptam
2272 2599 2341 2659 in
2390 2599 2669 2660 omnibus

330 2703 736 2764 reverentiam
767 2720 958 2784 quam
985 2702 1280 2766 devotam.

509 2806 884 2869 Prelatorum'
901 2816 1100 2870 autem
1127 2817 1218 2870 est
1245 2806 1430 2870 dicere
1458 2807 1609 2869 inter
1636 2827 1699 2869 se
1726 2806 1992 2870 salutem
2020 2809 2089 2870 in
2106 2826 2188 2880 eo,
2222 2809 2329 2890 qui
2344 2816 2433 2870 est
2446 2806 2671 2871 salutis

333 2894 581 2986 auctor,
611 2912 709 2973 vel
737 2911 1003 2977 saltitem
1049 2922 1106 2975 et
1153 2915 1464 2976 sinceram
1501 2914 1574 2974 in
1620 2912 1867 2976 domino
1912 2914 2252 2975 caritatem,
2312 2913 2669 2975 Monialibus

331 3036 560 3099 quoque
587 3016 828 3080 dicimus
855 3017 1120 3081 salutem
1147 3027 1206 3081 et
1224 3020 1699 3101 prosperitatem
1726 3020 1796 3081 in
1826 3036 1891 3080 eo
1904 3063 1919 3091 ,
1952 3020 2054 3080 oui
2078 3016 2287 3103 anqeli
2310 3020 2585 3081 serviunt
2598 2998 2667 3103 “et

334 3125 512 3186 euius
529 3122 1016 3205 pulcritudinem
1043 3124 1136 3188 sol
1162 3133 1219 3188 et
1245 3122 1402 3187 luna
1428 3127 1766 3187 mirantur.
1827 3122 2167 3186 Abbatibus
2196 3142 2423 3204 quoque
2456 3142 2665 3185 mona-

337 3230 573 3292 chorum
604 3239 664 3291 et
692 3230 988 3294 heremitis
1016 3231 1260 3295 dicimus
1286 3228 1552 3294 salutem
1590 3239 1647 3294 et
1685 3231 2089 3293 reverentiam
2132 3228 2228 3291 vel
2276 3231 2345 3291 in
2392 3232 2668 3292 oratione

335 3337 748 3399 constantiam
774 3338 870 3399 vel
899 3337 974 3399 de
1003 3358 1194 3400 cursu
1223 3338 1513 3400 bravium
1541 3337 1639 3398 vel
1666 3337 1741 3399 de
1785 3335 1989 3399 labore
2026 3335 2366 3399 denarium
2409 3344 2464 3398 et
2501 3353 2666 3416 yata-

337 3440 514 3503 dium
541 3445 824 3524 consequi
847 3444 1286 3527 sempiternum
1331 3443 1427 3504 vel
1472 3443 1560 3505 ad
1587 3444 1879 3525 fructum
1924 3443 2315 3505 centesimum
2352 3444 2671 3523 pervenire

336 3547 432 3607 vel
461 3546 646 3610 deum
661 3548 834 3630 faeie
862 3549 950 3611 ad
979 3551 1214 3632 faeiem
1243 3547 1647 3631 contemplari
1673 3548 1766 3609 vel
1810 3546 2075 3610 salutem
2114 3555 2173 3611 et
2216 3546 2425 3621 illam,
2477 3568 2667 3631 quam

334 3652 610 3715 mundus
637 3652 796 3715 dare
819 3674 945 3718 non
967 3662 1175 3739 potest,
1197 3672 1435 3737 pacem.

512 3758 855 3840 Immratori
881 3760 1148 3823 scribitur
1174 3758 1235 3821 in
1264 3761 1419 3822 hunc
1462 3760 1728 3821 modum:
1796 3757 2299 3823 Victoriosiaeimo
2342 3768 2399 3823 et
2435 3758 2665 3841 ylorio-

337 3864 580 3925 sissimo
608 3864 852 3927 domino
880 3864 955 3928 1⁴⁷.
986 3866 1085 3929 dei
1120 3867 1337 3947 qratia
1378 3864 1821 3927 Romanorum
1864 3874 1966 3928 ete.
2010 3865 2085 3927 de
2128 3867 2395 3928 inimicis
2435 3869 2665 3929 trium-

330 3969 534 4050 phum
560 3970 656 4031 vel
677 3989 938 4051 parcent-e
959 3974 1296 4055 prostratis
1325 3980 1382 4034 et
1409 3968 1709 4033 debellata-e
1735 3972 2026 4053 superbos
2066 3979 2122 4034 et
2161 3974 2389 4053 spiritu
2433 3970 2671 4033 consilii
2712 4030 2715 4035 .

335 4081 391 4136 a
416 4076 658 4139 timoris
684 4075 920 4141 domini
945 4077 1308 4141 habundare
1335 4078 1430 4140 vel
1459 4079 1674 4139 robore
1692 4077 1929 4157 acaum·
1939 4077 2337 4160 fortitudinis
2353 4078 2667 4139 etvirtutis

341 4180 432 4240 vel
461 4179 745 4254 salutem,
775 4202 888 4265 per·
919 4204 1108 4266 quam
1135 4203 1305 4264 reyes
1332 4192 1598 4265 reynant
1626 4192 1680 4245 et
1692 4190 1961 4265 potentes
1976 4191 2179 4246 tenent
2195 4190 2433 4245 terram
2442 4180 2508 4261 6).
2539 4184 2665 4245 Hec
